
@book{glowinski_augmented_1989,
	address = {Philadelphia},
	title = {Augmented Lagrangian and operator-splitting methods in nonlinear mechanics},
	publisher = {Society for Industrial and Applied Mathematics {(SIAM)}},
	author = {Glowinski, Roland and Le Tallec, Patrick},
	year = {1989}
},

@article{nagel_investigation_1986,
	title = {An Investigation of Smoothness Constraints for the Estimation of Displacement Vector Fields from Image Sequences},
	volume = 8,
	number = 5,
	journal = {{IEEE} Transactions on Pattern Analysis and Machine Intelligence},
	author = {Nagel, Hans-Hellmut and Enkelmann, Wilfried},
	month = sep,
	year = 1986,
	pages = {565--593}
},

@article{chan_active_2001,
	title = {Active contours without edges},
	volume = {10},
	number = {2},
	journal = {{IEEE} Transactions on Image Processing},
	author = {Chan, T F and Vese, L A},
	year = {2001},
	pages = {266--277}
},

@inproceedings{bertero_ill-posed_1988,
	title = {Ill-Posed Problems in Early Vision},
	volume = {76},
	booktitle = {Proceedings of the {IEEE}},
	author = {Bertero, Mario and Poggio, Tomaso A and Torre, Vincent},
	year = {1988},
	pages = {869--889}
},

@article{sundgren_diffusion_2004,
	title = {Diffusion tensor imaging of the brain: review of clinical applications},
	volume = {46},
	journal = {Neuroradiology},
	author = {Sundgren, P. C. and Dong, Q. and G{\'o}mez-Hassan, D. and Mukherji, S. K. and Maly, P. and Welsh, R.},
	month = may,
	year = 2004,
	pages = {339--350}
},

@article{hadamard_sur_1902,
	title = {Sur les probl{\`e}mes aux d{\'e}riv{\'e}es partielles et leur signification physique},
	volume = {13},
	journal = {Princeton University Bulletin},
	author = {Hadamard, Jacques},
	year = 1902,
	pages = {49--52}
},

@article{tichonov_solution_1963,
	title = {Solution of incorrectly formulated problems and the regularization method},
	volume = {4},
	journal = {Soviet Mathematics},
	author = {Tichonov, A N},
	year = {1963},
	pages = {1035--1038}
},

@article{bertsekas_multiplier_1976,
	title = {Multiplier methods: A survey},
	volume = {12},
	number = {2},
	journal = {Automatica},
	author = {Bertsekas, Dimitri P},
	year = {1976},
	pages = {133--145}
},

@book{nocedal_numerical_2006,
	edition = {2nd},
	title = {Numerical optimization},
	publisher = {Springer, Berlin},
	author = {Nocedal, J and Wright, S J},
	year = {2006}
},

@article{jehan-besson_dream2s:_2003,
	title = {{DREAM2S:} Deformable Regions Driven by an Eulerian Accurate Minimization Method for Image and Video Segmentation},
	volume = {53},
	number = {1},
	journal = {International Journal of Computer Vision},
	author = {Jehan-Besson, St{\'e}phanie and Barlaud, Michel and Aubert, Gilles},
	month = jun,
	year = {2003},
	pages = {45--70}
},

@article{estellers_efficient_2011,
	title = {An Efficient Algorithm for Level Set Method Preserving Distance Function},
	journal = {{IEEE} Transactions on Image Processing},
	author = {Estellers, Virginia and Zosso, Dominique and Lai, Rongjie and Thiran, Jean-Philippe and Osher, Stanley and Bresson, Xavier},
	year = {2012},
	volume = 21,
	number = 12,
	pages = {4722--4734}
},

@article{morozov_linear_1975,
	title = {Linear and nonlinear ill-posed problems},
	volume = {{II}},
	number = {6},
	journal = {Journal of Mathematical Sciences},
	author = {Morozov, {VA} A},
	year = {1975},
	pages = {706--736}
},

@article{herbulot_segmentation_2006,
	title = {Segmentation of Vectorial Image Features Using Shape Gradients and Information Measures},
	volume = {25},
	number = {3},
	journal = {Journal of Mathematical Imaging and Vision},
	author = {Herbulot, Ariane and Jehan-Besson, St{\'e}phanie and Duffner, Stefan and Barlaud, Michel and Aubert, Gilles},
	month = aug,
	year = {2006},
	pages = {365--386}
},

@article{johansen-berg_using_2009,
	title = {Using Diffusion Imaging to Study Human Connectional Anatomy},
	volume = {32},
	number = {1},
	journal = {Annual Review of Neuroscience},
	author = {Johansen-Berg, Heidi and Rushworth, Matthew {F.S.}},
	year = {2009},
	pages = {75--94}
},

@article{hagmann_mr_2012,
	title = {{MR} connectomics: a conceptual framework for studying the developing brain},
	volume = {6},
	journal = {Frontiers in Systems Neuroscience},
	author = {Hagmann, Patric and Grant, Patricia E. and Fair, Damien A.},
	month = jun,
	year = {2012}
},

@article{hagmann_mr_2010,
	title = {{MR} connectomics: principles and challenges},
	volume = {194},
number = 1,
	journal = {Journal of Neuroscience Methods},
	author = {Hagmann, P. and Cammoun, L. and Gigandet, X. and Gerhard, S. and Ellen Grant, P. and Wedeen, V. and Meuli, R. and Thiran, J. P. and Honey, C. J. and Sporns, O.},
	year = {2010},
	pages = {34--45}
},

@article{sporns_human_2005,
	title = {The human connectome: A structural description of the human brain},
	volume = {1},
	number = {4},
	journal = {{PLoS} computational biology},
	author = {Sporns, Olaf and Tononi, Giulio and K{\"o}tter, Rolf},
	month = sep,
	year = {2005},
	pages = {e42}
},

@article{sporns_human_2011,
	title = {The human connectome: a complex network},
	volume = {1224},
	journal = {Annals of the New York Academy of Sciences},
	author = {Sporns, Olaf},
	month = apr,
	year = {2011},
	pages = {109--125}
},

@phdthesis{hagmann_diffusion_2005,
	title = {From diffusion {MRI} to brain connectomics},
	school = {EPFL},
	author = {Hagmann, P.},
	year = {2005}
},

@article{tuch_q-ball_2004,
	title = {Q-ball imaging},
	volume = {52},
	number = {6},
	journal = {Magnetic Resonance in Medicine},
	author = {Tuch, D. S.},
	year = {2004},
	pages = {1358--1372}
},

@article{reber_correction_2005,
	title = {Correction of off resonance-related distortion in echo-planar imaging using {EPI-based} field maps},
	volume = {39},
	number = {2},
	journal = {Magnetic Resonance in Medicine},
	author = {Reber, P. J. and Wong, E. C. and Buxton, R. B. and Frank, L. R.},
	year = {2005},
	pages = {328--330}
},

@article{jezzard_characterization_2005,
	title = {Characterization of and correction for eddy current artifacts in echo planar diffusion imaging},
	volume = {39},
	number = {5},
	journal = {Magnetic resonance in medicine},
	author = {Jezzard, P. and Barnett, A. S. and Pierpaoli, C.},
	year = {2005},
	pages = {801--812}
},

@article{hsu_correction_2009,
	title = {Correction for Susceptibility-Induced Distortion in Echo-Planar Imaging Using Field Maps and Model-Based Point Spread Function},
	volume = {28},
	number = {11},
	journal = {{IEEE} Transactions on Medical Imaging},
	author = {Hsu, Yung-Chin and Hsu, Ching-Han and Tseng, W.-{Y.I.}},
	month = nov,
	year = {2009},
	pages = {1850--1857}
},

@article{andersson_modeling_2001,
	title = {Modeling geometric deformations in {EPI} time series},
	volume = {13},
	number = {5},
	journal = {Neuroimage},
	author = {Andersson, J. L. R. and Hutton, C. and Ashburner, J. and Turner, R. and Friston, K.},
	year = {2001},
	pages = {903--919}
},

@article{holland_efficient_2010,
	title = {Efficient Correction of Inhomogeneous Static Magnetic Field-Induced Distortion in Echo Planar Imaging},
	volume = {50},
	number = {1},
	journal = {Neuroimage},
	author = {Holland, Dominic and Kuperman, Joshua M. and Dale, Anders M.},
	month = mar,
	year = {2010},
	pages = {175-183}
},

@article{jones_white_2012,
	title = {White matter integrity, fiber count, and other fallacies: The do's and don'ts of diffusion {MRI}},
	journal = {{NeuroImage}},
	author = {Jones, Derek K and Kn{\"o}sche, Thomas R and Turner, Robert},
	month = jul,
	year = {2012}
},

@article{heiervang_between_2006,
	title = {Between session reproducibility and between subject variability of diffusion {MR} and tractography measures},
	volume = {33},
	number = {3},
	journal = {{NeuroImage}},
	author = {Heiervang, E. and Behrens, {T.E.J.} and Mackay, {C.E.} and Robson, {M.D.} and Johansen-Berg, H.},
	month = nov,
	year = {2006},
	pages = {867--877}
},

@article{wakana_reproducibility_2007,
	title = {Reproducibility of quantitative tractography methods applied to cerebral white matter},
	volume = {36},
	number = {3},
	journal = {{NeuroImage}},
	author = {Wakana, Setsu and Caprihan, Arvind and Panzenboeck, Martina M. and Fallon, James H. and Perry, Michele and Gollub, Randy L. and Hua, Kegang and Zhang, Jiangyang and Jiang, Hangyi and Dubey, Prachi and Blitz, Ari and van Zijl, Peter and Mori, Susumu},
	month = jul,
	year = {2007},
	pages = {630--644}
},

@article{ciccarelli_diffusion_2003,
	title = {From diffusion tractography to quantitative white matter tract measures: a reproducibility study},
	volume = {18},
	number = {2},
	journal = {Neuroimage},
	author = {Ciccarelli, O. and Parker, G. J. M. and Toosy, A. T. and Wheeler-Kingshott, C. A. M. and Barker, G. J. and Boulby, P. A. and Miller, D. H. and Thompson, A. J.},
	year = {2003},
	pages = {348--359}
},

@article{greve_accurate_2009,
	title = {Accurate and robust brain image alignment using boundary-based registration},
	volume = {48},
	number = {1},
	journal = {{NeuroImage}},
	author = {Greve, Douglas N and Fischl, Bruce},
	month = oct,
	year = {2009},
	pages = {63--72}
},

@article{zollei_improved_2010,
	title = {Improved tractography alignment using combined volumetric and surface registration},
	volume = {51},
	number = {1},
	journal = {{NeuroImage}},
	author = {Z{\"o}llei, Lilla and Stevens, Allison and Huber, Kristen and Kakunoori, Sita and Fischl, Bruce},
	month = may,
	year = {2010},
	pages = {206--213}
},

@article{macdonald_automated_2000,
	title = {Automated 3-D extraction of inner and outer surfaces of cerebral cortex from {MRI}},
	volume = {12},
	number = {3},
	journal = {{NeuroImage}},
	author = {{MacDonald}, D. and Kabani, N. and Avis, D. and Evans, A. C.},
	year = {2000},
	pages = {340--356}
},

@article{le_guyader_combined_2011,
	title = {A combined segmentation and registration framework with a nonlinear elasticity smoother},
	volume = {115},
	number = {12},
	journal = {Computer Vision and Image Understanding},
	author = {Le Guyader, Carole and Vese, Luminita A.},
	month = dec,
	year = {2011},
	pages = {1689--1709}
},

@inproceedings{chan_level_2005,
	title = {Level set based shape prior segmentation},
	volume = {2},
	booktitle = {Computer Vision and Pattern Recognition, 2005. {CVPR} 2005. {IEEE} Computer Society Conference on},
	author = {Chan, T. and Zhu, W.},
	year = {2005},
	pages = {1164--1170}
},

@article{chen_using_2002,
	title = {Using Prior Shapes in Geometric Active Contours in a Variational Framework},
	volume = {50},
	number = {3},
	journal = {International Journal of Computer Vision},
	author = {Chen, Yunmei and Tagare, Hemant D. and Thiruvenkadam, Sheshadri and Huang, Feng and Wilson, David and Gopinath, Kaundinya S. and Briggs, Richard W. and Geiser, Edward A.},
	month = dec,
	year = {2002},
	pages = {315--328}
},

@article{bresson_variational_2006,
	title = {A variational model for object segmentation using boundary information and shape prior driven by the Mumford-Shah functional},
	volume = {68},
	number = {2},
	journal = {International Journal of Computer Vision},
	author = {Bresson, X. and Vandergheynst, P. and Thiran, J. P.},
	year = {2006},
	pages = {145--162}
},

@article{andersson_model-based_2002,
	title = {A Model-Based Method for Retrospective Correction of Geometric Distortions in Diffusion-Weighted {EPI}},
	volume = {16},
	number = {1},
	journal = {{NeuroImage}},
	author = {Andersson, Jesper {L.R.} and Skare, Stefan},
	month = may,
	year = {2002},
	pages = {177--199}
},


@article{odonnell_automatic_2007,
	title = {Automatic Tractography Segmentation Using a High-Dimensional White Matter Atlas},
	volume = {26},
	number = {11},
	journal = {{IEEE} Transactions on Medical Imaging},
	author = {{O'Donnell}, {L.J.} and Westin, C.-F.},
	month = nov,
	year = {2007},
	pages = {1562 --1575}
},

@article{ennis_orthogonal_2006,
	title = {Orthogonal tensor invariants and the analysis of diffusion tensor magnetic resonance images},
	volume = {55},
	number = {1},
	journal = {Magnetic Resonance in Medicine},
	author = {Ennis, Daniel B. and Kindlmann, Gordon},
	year = {2006},
	pages = {136--146}
}

@article{Canales-Rodriguez:2009aa,
	Author = {Canales-Rodr{\'\i}guez, Erick and Melie-Garc{\'\i}a, Lester and Iturria-Medina, Yasser},
	Journal = {Magn. Reson. Med.},
	Number = {6},
	Pages = {1350--1367},
	Title = {{Mathematical description of q-space in spherical coordinates: Exact Q-ball imaging}},
	Volume = {61},
	Year = {2009}
}

@article{Gudbjartsson:1995aa,
	Author = {Gudbjartsson, H and Patz, S},
	Journal = {Magn. Reson. Med.},
	Number = {6},
	Pages = {910--914},
	Title = {{The Rician distribution of noisy MRI data}},
	Volume = {34},
	Year = {1995}
}

@article{Tuch:2002aa,
	Author = {Tuch, David and Reese, Timothy and Wiegell, Mette and Makris, Nikos and Belliveau, John and Wedeen, Van},
	Journal = {Magn. Reson. Med.},
	Number = {4},
	Pages = {577--582},
	Title = {{High angular resolution diffusion imaging reveals intravoxel white matter fiber heterogeneity}},
	Volume = {48},
	Year = {2002}
}


@inproceedings{Chan2005,
author = {Chan, Tony and Zhu, Wei},
booktitle = {CVPR 2005},
pages = {1164--1170},
title = {{Level set based shape prior segmentation}},
volume = {2},
year = {2005}
}

@inproceedings{Pohl2005,
address = {Berlin, Heidelberg},
author = {Pohl, Kilian M. and Fisher, John and Levitt, James J. and Shenton, Martha E. and Kikinis, Ron and Grimson, W. Eric L. and Wells, William M.},
booktitle = {MICCAI 2005},
editor = {Duncan, James S. and Gerig, Guido},
pages = {310--318},
publisher = {Springer Berlin Heidelberg},
series = {Lecture Notes in Computer Science},
title = {{A Unifying Approach to Registration, Segmentation, and Intensity Correction}},
volume = {3749},
year = {2005}
}
@inproceedings{Brun2004,
address = {Berlin, Heidelberg},
author = {Brun, Anders and Knutsson, Hans and Park, Hae-Jeong and Shenton, Martha E and Westin, Carl-Fredrik},
booktitle = {MICCAI 2004},
editor = {Barillot, Christian and Haynor, David R. and Hellier, Pierre},
month = sep,
number = {3216},
pages = {368--375},
publisher = {Springer Berlin Heidelberg},
series = {Lecture Notes in Computer Science},
title = {{Clustering Fiber Traces Using Normalized Cuts.}},
volume = {3216/2004},
year = {2004}
}
@article{Bresson2006a,
author = {Bresson, Xavier and Vandergheynst, Pierre and Thiran, Jean-Philippe},
journal = {International Journal of Computer Vision},
month = mar,
number = {2},
pages = {145--162},
title = {{A Variational Model for Object Segmentation Using Boundary Information and Shape Prior Driven by the Mumford-Shah Functional}},
volume = {68},
year = {2006}
}
@article{Cremers2006,
author = {Cremers, Daniel and Osher, Stanley J. and Soatto, Stefano},
journal = {International Journal of Computer Vision},
month = may,
number = {3},
pages = {335--351},
title = {{Kernel Density Estimation and Intrinsic Alignment for Shape Priors in Level Set Segmentation}},
volume = {69},
year = {2006}
}
@article{Pohl2006,
author = {Pohl, Kilian M and Fisher, John and Grimson, W Eric L and Kikinis, Ron and Wells, William M},
journal = {NeuroImage},
month = may,
number = {1},
pages = {228--39},
title = {{A Bayesian model for joint segmentation and registration.}},
volume = {31},
year = {2006}
}
@article{Yezzi2003,
author = {Yezzi, A. and Z\"{o}llei, L. and Kapur, T.},
journal = {Medical Image Analysis},
month = jun,
number = {2},
pages = {171--185},
title = {{A variational framework for integrating segmentation and registration through active contours}},
volume = {7},
year = {2003}
}
@article{Chen2002,
author = {Chen, Yunmei and Tagare, Hemant D. and Thiruvenkadam, Sheshadri and Huang, Feng and Wilson, David and Gopinath, Kaundinya S. and Briggs, Richard W. and Geiser, Edward A.},
journal = {International Journal of Computer Vision},
language = {en},
number = {3},
pages = {315--328},
title = {{Using Prior Shapes in Geometric Active Contours in a Variational Framework}},
volume = {50},
year = {2002}
}
@article{Paragios2003,
author = {Paragios, Nikos},
journal = {IEEE Transactions on Medical Imaging},
keywords = {Algorithms,Heart Ventricles,Heart Ventricles: anatomy & histology,Heart Ventricles: ultrasonography,Humans,Imaging,Magnetic Resonance Imaging,Magnetic Resonance Imaging: methods,Motion,Subtraction Technique,Three-Dimensional,Three-Dimensional: methods,Ultrasonography,Ultrasonography: methods},
month = jun,
number = {6},
pages = {773--776},
pmid = {12872953},
title = {{A level set approach for shape-driven segmentation and tracking of the left ventricle}},
volume = {22},
year = {2003}
}
@inproceedings{McInerney1996,
author = {McInerney, Tim and Terzopoulos, Demetri},
booktitle = {Mathematical Methods in Biomedical Image Analysis},
pages = {171--180},
publisher = {IEEE},
title = {{Deformable Models in Medical Image Analysis}},
year = {1996}
}
@inproceedings{Yezzi2001,
author = {Yezzi, A. and Zollei, L. and Kapur, T.},
booktitle = {MMBIA 2001},
pages = {44--51},
publisher = {IEEE Comput. Soc},
title = {{A variational framework for joint segmentation and registration}},
year = {2001}
}
@inproceedings{Ayvaci2007,
author = {Ayvaci, Alper and Freedman, Daniel},
booktitle = {EMBS 2007},
month = jan,
pages = {5251--5254},
title = {{Joint segmentation-registration of organs using geometric models.}},
volume = {2007},
year = {2007}
}
@article{Gastaud2004,
author = {Gastaud, Muriel and Barlaud, Michel and Aubert, Gilles},
journal = {IEEE Transactions on Circuits and Systems for Video Technology},
month = may,
number = {5},
pages = {726--734},
title = {{Combining Shape Prior and Statistical Features for Active Contour Segmentation}},
volume = {14},
year = {2004}
}
@article{Wang2006,
author = {Wang, Fei and Vemuri, Baba C and Eisenschenk, Stephan J},
journal = {Academic radiology},
month = sep,
number = {9},
pages = {1104--11},
title = {{Joint registration and segmentation of neuroanatomic structures from brain MRI.}},
volume = {13},
year = {2006}
}
@inproceedings{Rousson2002,
address = {Berlin, Heidelberg},
author = {Rousson, Mikael and Paragios, Nikos},
booktitle = {ECCV 2002},
editor = {Heyden, Anders and Sparr, Gunnar and Nielsen, Mads and Johansen, Peter},
month = apr,
pages = {78--92},
publisher = {Springer Berlin Heidelberg},
series = {Lecture Notes in Computer Science},
title = {{Shape Priors for Level Set Representations}},
volume = {2351},
year = {2002}
}
@inproceedings{Schmid2008,
address = {Berlin, Heidelberg},
author = {Schmid, J\'{e}r\^{o}me and Magnenat-Thalmann, Nadia},
booktitle = {MICCAI 2008},
editor = {Metaxas, Dimitris and Axel, Leon and Fichtinger, Gabor and Sz\'{e}kely, G\'{a}bor},
pages = {119--126},
publisher = {Springer Berlin Heidelberg},
series = {Lecture Notes in Computer Science},
title = {{MRI Bone Segmentation Using Deformable Models and Shape Priors}},
volume = {5241},
year = {2008}
}
@inproceedings{Vemuri2003a,
address = {New York},
author = {Vemuri, Baba and Chen, Yunmei},
booktitle = {Geometric Level Set Methods in Imaging, Vision, and Graphics},
pages = {251--269},
publisher = {Springer-Verlag},
title = {{Joint Image Registration and Segmentation}},
year = {2003}
}
@article{Wyatt2003,
author = {Wyatt, Paul P. and Noble, J.Alison},
journal = {Medical Image Analysis},
month = dec,
number = {4},
pages = {539--552},
title = {{MAP MRF joint segmentation and registration of medical images}},
volume = {7},
year = {2003}
}
@inproceedings{Soatto2002,
address = {Berlin, Heidelberg},
author = {Soatto, Stefano and Yezzi, Anthony J.},
booktitle = {ECCV 20022},
editor = {Heyden, Anders and Sparr, Gunnar and Nielsen, Mads and Johansen, Peter},
month = apr,
pages = {32--47},
publisher = {Springer Berlin Heidelberg},
series = {Lecture Notes in Computer Science},
title = {{DEFORMOTION Deforming Motion, Shape Average and the Joint Registration and Segmentation of Images}},
volume = {2352},
year = {2002}
}
@article{Yezzi2003a,
author = {Yezzi, Anthony J and Soatto, Stefano},
journal = {International Journal of Computer Vision},
number = {2},
pages = {153--167},
title = {{Deformotion : Deforming Motion , Shape Average and the Joint Registration and Approximation of Structures in Images}},
volume = {53},
year = {2003}
}
@article{Gorthi2011,
author= {Gorthi, Subrahmanyam and Duay, Val\'{e}rie and Bresson, Xavier and Bach Cuadra, Meritxell and S\'anchez Castro, F Javier and Pollo, Claudio and Allal, Abdelkarim S and Thiran, Jean-Philippe},
title = {Active deformation fields: dense deformation field estimation for atlas-based segmentation using the active contour framework},
year = 2011,
journal = {Medical Image Analysis},
volume = 15,
number = 6,
pages = {787--800}
}
@article{Gorthi2009,
author= {Gorthi, Subrahmanyam and Duay, Val\'{e}rie and Houhou, Nawal and Bach Cuadra, Meritxell and Schick, Ulrike and Becker, Minerva and Allal, Abdelkarim S and Thiran, Jean-Philippe},
title = {Segmentation of Head and Neck Lymph Node Regions for Radiotherapy Planning Using Active Contour-Based Atlas Registration},
year = 2009,
journal = {{IEEE} Journal of Selected Topics in Signal Processing},
volume = 3,
number = 1,
pages = {135--147}
}