@book{bishop_pattern_2006,
	author = {Bishop, C. M},
	isbn = {978-0387310732},
	publisher = {Springer SBM, LLC},
	title = {Pattern recognition and machine learning},
	volume = 4,
	year = 2006
}

@inproceedings{unal_coupled_2005,
	address = {San Diego, CA, USA},
	author = {Unal, G. and Slabaugh, G.},
	booktitle = {CVPR},
	doi = {10.1109/CVPR.2005.115},
	pages = {168-175},
	volume = 1,
	title = {Coupled {PDE}s for non-rigid registration and segmentation},
	year = 2005
}

@article{andersson_modeling_2001,
	author = {Andersson, Jesper L.R. and Hutton, Chloe and Ashburner, John and Turner, Robert and Friston, Karl},
	doi = {10.1006/nimg.2001.0746},
	issn = {1053-8119},
	journal = {NeuroImage},
	number = 5,
	pages = {903-919},
	title = {Modeling Geometric Deformations in {EPI} Time Series},
	url = {http://www.sciencedirect.com/science/article/pii/S1053811901907463},
	volume = 13,
	year = 2001
}

@article{basser_microstructural_1996,
	author = {Basser, P.J. and Pierpaoli, C. and others, },
	number = 3,
	pages = {209-219},
	title = {Microstructural and physiological features of tissues elucidated by quantitative-diffusion-tensor {MRI}},
	volume = 111,
	year = 1996
}

@article{tichonov_solution_1963,
	author = {Tichonov, A N},
	pages = {1035-1038},
	title = {Solution of incorrectly formulated problems and the regularization method},
	volume = 4,
	year = 1963
}

@article{ennis_orthogonal_2006,
	author = {Ennis, Daniel B. and Kindlmann, Gordon},
	copyright = {Copyright © 2005 Wiley-Liss, Inc.},
	doi = {10.1002/mrm.20741},
	issn = {1522-2594},
	journal = {Magn Reson Med},
	language = {en},
	number = 1,
	pages = {136-146},
	title = {Orthogonal tensor invariants and the analysis of diffusion tensor magnetic resonance images},
	url = {http://onlinelibrary.wiley.com/doi/10.1002/mrm.20741/abstract},
	volume = 55,
	year = 2006
}

@article{zhukov_level_2003,
	author = {Zhukov, L. and Museth, K. and Breen, D. and Whitaker, R. and Barr, A.},
	journal = {J Electron Imaging},
	number = 1,
	pages = {125-133},
	title = {Level set modeling and segmentation of DT-{MRI} brain data},
	volume = 12,
	year = 2003
}

@article{fischl_freesurfer_2012,
	author = {Fischl, B.},
	doi = {10.1016/j.neuroimage.2012.01.021},
	issn = {1053-8119},
	journal = {NeuroImage},
	number = 2,
	pages = {774-781},
	title = {FreeSurfer},
	url = {http://www.sciencedirect.com/science/article/pii/S1053811912000389},
	volume = 62,
	year = 2012
}

@inproceedings{awate_multivariate_2008,
	author = {Awate, S.P. and Zhang, Hui and Simon, T.J. and Gee, J.C.},
	booktitle = {5$^{th}$ ISBI},
	doi = {10.1109/ISBI.2008.4540970},
	pages = {213 -216},
	title = {Multivariate segmentation of brain tissues by fusion of {MRI} and {DTI} data},
	year = 2008
}

@article{suri_shape_2002,
	author = {Suri, J.S. and Liu, Kecheng and Singh, S. and Laxminarayan, S.N. and Zeng, Xiaolan and Reden, L.},
	doi = {10.1109/4233.992158},
	issn = {1089-7771},
	journal = {IEEE Trans Inf Technol Biomed},
	number = 1,
	pages = {8-28},
	shorttitle = {Shape recovery algorithms using level sets in 2-D/3-D medical imagery},
	title = {Shape recovery algorithms using level sets in 2-D/3-D medical imagery: a state-of-the-art review},
	volume = 6,
	year = 2002
}

@article{mumford_optimal_1989,
	author = {Mumford, David and Shah, Jayant},
	copyright = {Copyright © 1989 Wiley Periodicals, Inc., A Wiley Company},
	doi = {10.1002/cpa.3160420503},
	issn = {1097-0312},
	journal = {Comm Pure Appl Math},
	language = {en},
	number = 5,
	pages = {577-685},
	title = {Optimal approximations by piecewise smooth functions and associated variational problems},
	url = {http://onlinelibrary.wiley.com/doi/10.1002/cpa.3160420503/abstract},
	volume = 42,
	year = 1989
}

@article{griffa_structural_2013,
	author = {Griffa, Alessandra and Baumann, Philipp S. and Thiran, Jean-Philippe and Hagmann, Patric},
	doi = {10.1016/j.neuroimage.2013.04.056},
	issn = {1053-8119},
	journal = {NeuroImage},
	pages = {515-526},
	title = {Structural connectomics in brain diseases},
	url = {http://www.sciencedirect.com/science/article/pii/S1053811913004035},
	volume = 80,
	year = 2013
}

@inproceedings{alexander_analysis_2001,
	address = {Glasgow, Scotland, UK},
	author = {Alexander, A L and Hasan, K M and Lazar, M and Tsuruda, J S and Parker, D L},
	language = {eng},
	pages = {770-780},
	series = 45,
	title = {Analysis of partial volume effects in diffusion-tensor {MRI}},
	volume = 9,
	year = 2001
}

@article{holland_efficient_2010,
	author = {Holland, Dominic and Kuperman, Joshua M. and Dale, Anders M.},
	doi = {10.1016/j.neuroimage.2009.11.044},
	issn = {1053-8119},
	journal = {NeuroImage},
	number = 1,
	pages = {175-183},
	shorttitle = {Efficient Correction of Inhomogeneous Static Magnetic Field-Induced Distortion in {EPI}},
	title = {Efficient Correction of Inhomogeneous Static Magnetic Field-Induced Distortion in Echo Planar Imaging},
	url = {http://www.ncbi.nlm.nih.gov/pmc/articles/PMC2819607/},
	volume = 50,
	year = 2010
}

@article{sporns_human_2005,
	author = {Sporns, Olaf and Tononi, Giulio and K\"otter, Rolf},
	doi = {10.1371/journal.pcbi.0010042},
	issn = {1553-7358},
	journal = {PLoS Comput. Biol.},
	number = 4,
	pages = {e42},
	shorttitle = {The human connectome},
	title = {The human connectome: A structural description of the human brain},
	volume = 1,
	year = 2005
}

@article{li_accounting_2007,
	author = {Li, Yong and Xu, Ning and Fitzpatrick, J.M. and Morgan, V.L. and Pickens, D.R. and Dawant, B.M.},
	doi = {10.1109/TMI.2007.901987},
	issn = {0278-0062},
	journal = {IEEE Trans Med Imag},
	number = 12,
	pages = {1698-1707},
	title = {Accounting for Signal Loss Due to Dephasing in the Correction of Distortions in Gradient-Echo {EPI} Via Nonrigid Registration},
	volume = 26,
	year = 2007
}

@inproceedings{tao_variational_2009,
	address = {Williamsburg, VA, USA},
	author = {Tao, Ran and Fletcher, P. Thomas and Gerber, Samuel and Whitaker, Ross T.},
	booktitle = {IPMI},
	copyright = {©2009 Springer Berlin Heidelberg},
	isbn = {978-3-642-02497-9, 978-3-642-02498-6},
	pages = {664-675},
	publisher = {Springer Berlin Heidelberg},
	series = {LNCS},
	title = {A Variational Image-Based Approach to the Correction of Susceptibility Artifacts in the Alignment of Diffusion Weighted and Structural {MRI}},
	url = {http://link.springer.com/chapter/10.1007/978-3-642-02498-6\_55},
	volume = 5636,
	year = 2009
}

@article{thirion_image_1998,
	author = {Thirion, J.-P.},
	number = 3,
	pages = {243-260},
	title = {Image matching as a diffusion process: an analogy with Maxwell's demons},
	volume = 2,
	year = 1998
}

@article{chan_active_2001,
	author = {Chan, T. F. and Vese, L. A.},
	doi = {10.1109/83.902291},
	journal = {IEEE Trans Image Process},
	number = 2,
	pages = {266-277},
	title = {Active contours without edges},
	volume = 10,
	year = 2001
}

@article{herbulot_segmentation_2006,
	author = {Herbulot, Ariane and Jehan-Besson, St\'ephanie and Duffner, Stefan and Barlaud, Michel and Aubert, Gilles},
	doi = {10.1007/s10851-006-6898-y},
	issn = {0924-9907},
	journal = {J Math Imaging Vis},
	number = 3,
	pages = {365-386},
	title = {Segmentation of Vectorial Image Features Using Shape Gradients and Information Measures},
	url = {http://www.springerlink.com/content/581247x96784v173/ http://www.springerlink.com/index/10.1007/s10851-006-6898-y},
	volume = 25,
	year = 2006
}

@article{kumazawa_partial_2010,
	author = {Kumazawa, Seiji and Yoshiura, Takashi and Honda, Hiroshi and Toyofuku, Fukai and Higashida, Yoshiharu},
	issn = {0094-2405},
	journal = {Med Phys},
	language = {eng},
	number = 4,
	pages = {1482-1490},
	title = {Partial volume estimation and segmentation of brain tissue based on diffusion tensor {MRI}},
	volume = 37,
	year = 2010
}

@article{hagmann_mr_2012,
	author = {Hagmann, Patric and Grant, Patricia E. and Fair, Damien A.},
	doi = {10.3389/fnsys.2012.00043},
	issn = {1662-5137},
	journal = {Front Syst Neurosci},
	pages = 43,
	shorttitle = {{MR} connectomics},
	title = {{MR} connectomics: a conceptual framework for studying the developing brain},
	url = {http://www.ncbi.nlm.nih.gov/pmc/articles/PMC3374479/},
	volume = 6,
	year = 2012
}

@article{kybic_unwarping_2000,
	author = {Kybic, J. and Thevenaz, P. and Nirkko, A. and Unser, M.},
	doi = {10.1109/42.836368},
	issn = {0278-0062},
	journal = {IEEE Trans Med Imag},
	number = 2,
	pages = {80-93},
	shorttitle = {Unwarping of unidirectionally distorted {EPI} images},
	title = {Unwarping of unidirectionally distorted {EPI} images},
	volume = 19,
	year = 2000
}

@article{jonasson_representing_2007,
	author = {Jonasson, L. and Bresson, X. and Thiran, J. and Wedeen, V.J. and Hagmann, P.},
	doi = {10.1109/TMI.2007.899168},
	issn = {0278-0062},
	journal = {IEEE Trans Med Imag},
	number = 11,
	pages = {1547-1554},
	title = {Representing Diffusion {MRI} in 5-D Simplifies Regularization and Segmentation of White Matter Tracts},
	volume = 26,
	year = 2007
}

@article{jones_white_2013,
	author = {Jones, Derek K. and Knsche, Thomas R. and Turner, Robert},
	doi = {10.1016/j.neuroimage.2012.06.081},
	issn = {1053-8119},
	journal = {NeuroImage},
	pages = {239-254},
	shorttitle = {White matter integrity, fiber count, and other fallacies},
	title = {White matter integrity, fiber count, and other fallacies: The do's and don'ts of diffusion {MRI}},
	url = {http://www.sciencedirect.com/science/article/pii/S1053811912007306},
	volume = 73,
	year = 2013
}

@inproceedings{rousson_level_2004,
	address = {Berlin, Heidelberg},
	author = {Rousson, Mikaël and Lenglet, Christophe and Deriche, Rachid},
	booktitle = {ECCV 2004 Workshops CVAMIA and MMBIA},
	isbn = {978-3-540-22675-8, 978-3-540-27816-0},
	pages = {123-134},
	publisher = {Springer Berlin Heidelberg},
	title = {Level Set and Region Based Surface Propagation for Diffusion Tensor {MRI} Segmentation},
	url = {http://www.springerlink.com/content/unddy0e5jbnpwmj0/},
	volume = 3117,
	year = 2004
}

@article{greve_accurate_2009,
	author = {Greve, Douglas N and Fischl, Bruce},
	doi = {10.1016/j.neuroimage.2009.06.060},
	issn = {1095-9572},
	journal = {NeuroImage},
	number = 1,
	pages = {63-72},
	title = {Accurate and robust brain image alignment using boundary-based registration},
	volume = 48,
	year = 2009
}

@article{liu_brain_2007,
	author = {Liu, Tianming and Li, Hai and Wong, Kelvin and Tarokh, Ashley and Guo, Lei and Wong, Stephen T.C.},
	doi = {10.1016/j.neuroimage.2007.07.002},
	issn = {1053-8119},
	journal = {NeuroImage},
	number = 1,
	pages = {114-123},
	title = {Brain tissue segmentation based on {DTI} data},
	url = {http://www.sciencedirect.com/science/article/pii/S1053811907005873},
	volume = 38,
	year = 2007
}

@article{sundgren_diffusion_2004,
	author = {Sundgren, P. C. and Dong, Q. and Gómez-Hassan, D. and Mukherji, S. K. and Maly, P. and Welsh, R.},
	doi = {10.1007/s00234-003-1114-x},
	issn = {0028-3940, 1432-1920},
	journal = {Neuroradiology},
	pages = {339-350},
	shorttitle = {Diffusion tensor imaging of the brain},
	title = {Diffusion tensor imaging of the brain: review of clinical applications},
	url = {http://www.springerlink.com/content/fa30k4q3h9kg4yjq/},
	volume = 46,
	year = 2004
}

@article{morozov_linear_1975,
	author = {Morozov, VA A},
	doi = {10.1007/BF01083885},
	journal = {J Soviet Math},
	number = 6,
	pages = {706-736},
	title = {Linear and nonlinear ill-posed problems},
	volume = 4,
	year = 1975
}

@article{morgan_why_2013,
	author = {Morgan, Joshua L. and Lichtman, Jeff W.},
	copyright = {© 2013 Nature Publishing Group, a division of Macmillan Publishers Limited. All Rights Reserved.},
	doi = {10.1038/nmeth.2480},
	issn = {1548-7091},
	journal = {Nat Meth},
	language = {en},
	number = 6,
	pages = {494-500},
	title = {Why not connectomics?},
	url = {http://www.nature.com/nmeth/journal/v10/n6/full/nmeth.2480.html},
	volume = 10,
	year = 2013
}

@article{hadjiprocopis_unbiased_2005,
	author = {Hadjiprocopis, Andreas and Rashid, Waqar and Tofts, Paul S.},
	doi = {10.1016/j.mri.2005.07.010},
	issn = {0730-725X},
	journal = {Magn Res Imag},
	number = 8,
	pages = {877-885},
	title = {Unbiased segmentation of diffusion-weighted magnetic resonance images of the brain using iterative clustering},
	url = {http://www.sciencedirect.com/science/article/pii/S0730725X05002304},
	volume = 23,
	year = 2005
}

@article{hadamard_sur_1902,
	author = {Hadamard, J.},
	number = {49-52},
	pages = 28,
	title = {Sur les problemes aux d\'eriv\'ees partielles et leur signification physique},
	volume = 13,
	year = 1902
}

@article{kumazawa_improvement_2013,
	author = {Kumazawa, Seiji and Yoshiura, Takashi and Honda, Hiroshi and Toyofuku, Fukai},
	doi = {10.1007/s10278-013-9601-z},
	issn = {0897-1889, 1618-727X},
	journal = {J Digit Imaging},
	language = {en},
	pages = {1-10},
	title = {Improvement of Partial Volume Segmentation for Brain Tissue on Diffusion Tensor Images Using Multiple-Tensor Estimation},
	url = {http://link.springer.com/article/10.1007/s10278-013-9601-z},
	year = 2013
}

@inproceedings{lu_segmentation_2008,
	address = {Vancouver, Canada},
	author = {Lu, Chia-Feng and Wang, Po-Shan and Chou, Yen-Chun and Li, Hsiao-Chien and Soong, Bing-Wen and Wu, Yu-Te},
	booktitle = {30$^{th}$ IEMBS},
	doi = {10.1109/IEMBS.2008.4650460},
	pages = {5502-5505},
	title = {Segmentation of diffusion-weighted brain images using expectation maximization algorithm initialized by hierarchical clustering},
	volume = 30,
	year = 2008
}

@article{droske_mumfordshah_2009,
	author = {Droske, Marc and Ring, Wolfgang and Rumpf, Martin},
	doi = {10.1007/s00791-008-0084-2},
	issn = {1432-9360, 1433-0369},
	journal = {Comput Vis Sci},
	language = {en},
	number = 3,
	pages = {101-114},
	shorttitle = {Mumford-Shah based registration},
	title = {{Mumford-Shah} based registration: a comparison of a level set and a phase field approach},
	url = {http://link.springer.com/article/10.1007/s00791-008-0084-2},
	volume = 12,
	year = 2009
}

@inproceedings{wu_comparison_2008,
	address = {New York, NY, USA},
	author = {Wu, Minjie and Chang, Lin-Ching and Walker, Lindsay and Lemaitre, Herve and Barnett, Alan S. and Marenco, Stefano and Pierpaoli, Carlo},
	booktitle = {11$^{th}$ MICCAI},
	copyright = {©2008 Springer Berlin Heidelberg},
	pages = {321-329},
	publisher = {Springer Berlin Heidelberg},
	series = {LNCS},
	shorttitle = {Comparison of {EPI} Distortion Correction Methods in {DTI}},
	title = {Comparison of {EPI} Distortion Correction Methods in Diffusion Tensor {MRI} Using a Novel Framework},
	url = {http://link.springer.com/chapter/10.1007/978-3-540-85990-1\_39},
	volume = 5242,
	year = 2008
}

@inproceedings{han_experimental_2009,
	address = {Minneapolis, Minnesota, USA},
	author = {Han, D. and Singh, V. and Lee, J.E. and Zakszewski, E. and Adluru, N. and Oakes, T.R. and Alexander, A.},
	booktitle = {EMBC},
	pages = {5653-5656},
	title = {An experimental evaluation of diffusion tensor image segmentation using graph-cuts},
	volume = 31,
	year = 2009
}

@article{bertalmio_morphing_2000,
	author = {Bertalmio, M. and Sapiro, G. and Randall, G.},
	doi = {10.1109/34.865191},
	issn = {0162-8828},
	journal = {IEEE Trans Pattern Anal Mach Intell},
	number = 7,
	pages = {733-737},
	title = {Morphing active contours},
	volume = 22,
	year = 2000
}

@inbook{vemuri_joint_2003,
	address = {New York},
	author = {Vemuri, Baba and Chen, Yunmei},
	doi = {10.1007/0-387-21810-6\_14},
	isbn = {978-0-387-21810-6},
	pages = {251-269},
	publisher = {Springer NY},
	chapter = {Joint Image Registration and Segmentation},
	title = {Geometric Level Set Methods in Imaging, Vision, and Graphics},
	booktitle = {Part V: Knowledge-based Segmentation \& Registration},
	year = 2003
}

@article{jezzard_correction_1995,
	author = {Jezzard, P and Balaban, R S},
	doi = {10.1002/mrm.1910340111},
	issn = {0740-3194},
	journal = {Magn Reson Med},
	language = {eng},
	number = 1,
	pages = {65-73},
	shorttitle = {Correction for geometric distortion in {EPI}},
	title = {Correction for geometric distortion in echo planar images from {B0} field variations},
	url = {http://onlinelibrary.wiley.com/doi/10.1002/mrm.1910340111/abstract},
	volume = 34,
	year = 1995
}

@inproceedings{yezzi_variational_2001,
	address = {Kauai, Hawaii, USA},
	author = {Yezzi, A. and Zollei, L. and Kapur, T.},
	pages = {44-51},
	publisher = {IEEE Comput. Soc},
	title = {A variational framework for joint segmentation and registration},
	year = 2001
}

@article{nagel_investigation_1986,
	author = {Nagel, Hans-Hellmut and Enkelmann, Wilfried},
	doi = {10.1109/TPAMI.1986.4767833},
	issn = {0162-8828},
	journal = {IEEE Trans Pattern Anal Mach Intell},
	number = 5,
	pages = {565-593},
	title = {An Investigation of Smoothness Constraints for the Estimation of Displacement Vector Fields from Image Sequences},
	url = {http://ieeexplore.ieee.org/lpdocs/epic03/wrapper.htm?arnumber=4767833},
	volume = 8,
	year = 1986
}

@article{andersson_how_2003,
	author = {Andersson, Jesper L.R. and Skare, Stefan and Ashburner, John},
	doi = {10.1016/S1053-8119(03)00336-7},
	issn = {1053-8119},
	journal = {NeuroImage},
	number = 2,
	pages = {870-888},
	shorttitle = {How to correct susceptibility distortions in {SE} {EPI}s},
	title = {How to correct susceptibility distortions in spin-echo echo-planar images: application to diffusion tensor imaging},
	url = {http://www.sciencedirect.com/science/article/pii/S1053811903003367},
	volume = 20,
	year = 2003
}

@article{studholme_accurate_2000,
	author = {Studholme, C. and Constable, R.T. and Duncan, J.S.},
	doi = {10.1109/42.896788},
	issn = {0278-0062},
	journal = {IEEE Trans Med Imag},
	number = 11,
	pages = {1115-1127},
	shorttitle = {Accurate alignment of {fMRI}-{EPI} to anatomical {MRI}},
	title = {Accurate alignment of functional {EPI} data to anatomical {MRI} using a physics-based distortion model},
	volume = 19,
	year = 2000
}

@inproceedings{estellers_efficient_2011,
	author = {Estellers, Virginia and Zosso, Dominique and Lai, Rongjie and Thiran, Jean-Philippe and Osher, Stanley and Bresson, Xavier},
	booktitle = {IEEE Transactions on Image Processing},
	title = {An Efficient Algorithm for Level Set Method Preserving Distance Function},
	year = 2011
}

@article{craddock_imaging_2013,
	author = {Craddock, R. Cameron and Jbabdi, Saad and Yan, Chao-Gan and Vogelstein, Joshua T. and Castellanos, F. Xavier and Di Martino, Adriana and Kelly, Clare and Heberlein, Keith and Colcombe, Stan and Milham, Michael P.},
	copyright = {© 2013 Nature Publishing Group, a division of Macmillan Publishers Limited. All Rights Reserved.},
	doi = {10.1038/nmeth.2482},
	issn = {1548-7091},
	journal = {Nat Meth},
	language = {en},
	number = 6,
	pages = {524-539},
	title = {Imaging human connectomes at the macroscale},
	url = {http://www.nature.com/nmeth/journal/v10/n6/abs/nmeth.2482.html},
	volume = 10,
	year = 2013
}

@article{close_software_2009,
	author = {Close, Thomas G and Tournier, Jacques-Donald and Calamante, Fernando and Johnston, Leigh A and Mareels, Iven and Connelly, Alan},
	doi = {10.1016/j.neuroimage.2009.03.077},
	issn = {1095-9572},
	journal = {NeuroImage},
	language = {eng},
	number = 4,
	pages = {1288-1300},
	title = {A software tool to generate simulated white matter structures for the assessment of fibre-tracking algorithms},
	volume = 47,
	year = 2009
}

@article{gorthi_active_2011,
	author = {Gorthi, Subrahmanyam and Duay, Val\'erie and Bresson, Xavier and Bach Cuadra, Meritxell and S\'anchez Castro, F Javier and Pollo, Claudio and Allal, Abdelkarim S and Thiran, Jean-Philippe},
	doi = {10.1016/j.media.2011.05.008},
	journal = {Med Image Anal},
	number = 6,
	pages = {787-800},
	title = {Active deformation fields: dense deformation field estimation for atlas-based segmentation using the active contour framework},
	volume = 15,
	year = 2011
}

@article{hagmann_mr_2010,
	author = {Hagmann, Patric and Cammoun, Leila and Gigandet, Xavier and Gerhard, Stephan and Ellen Grant, P and Wedeen, Van and Meuli, Reto and Thiran, Jean-Philippe and Honey, Christopher J and Sporns, Olaf},
	doi = {10.1016/j.jneumeth.2010.01.014},
	issn = {1872-678X},
	number = 1,
	pages = {45-34},
	title = {{MR} connectomics: Principles and challenges.},
	url = {http://dx.doi.org/10.1016/j.jneumeth.2010.01.014},
	volume = 194,
	year = 2010
}

@article{berg_using_2009,
	author = {Johansen-Berg, Heidi and Rushworth, Matthew F.S.},
	doi = {10.1146/annurev.neuro.051508.135735},
	number = 1,
	pages = {75-94},
	title = {Using Diffusion Imaging to Study Human Connectional Anatomy},
	url = {http://www.annualreviews.org/doi/abs/10.1146/annurev.neuro.051508.135735},
	volume = 32,
	year = 2009
}

@phdthesis{hagmann_from_2005,
	address = {Lausanne, Switzerland},
	author = {Hagmann, P.},
	school = {\'Ecole Polytechnique F\'ed\'erale de Lausanne},
	title = {From diffusion {MRI} to brain connectomics},
	type = {PhD. Thesis},
	url = {http://biblion.epfl.ch/EPFL/theses/2005/3230/EPFL\_TH3230.pdf},
	year = 2005
}

@article{mukherjee_diffusion_2008,
	author = {Mukherjee, P. and Chung, S. W. and Berman, J. I. and Hess, C. P. and Henry, R. G.},
	doi = {10.3174/ajnr.A1052},
	issn = {0195-6108, 1936-959X},
	journal = {AJNR Am J Neuroradiol},
	language = {en},
	number = 5,
	pages = {843-852},
	shorttitle = {Diffusion Tensor {MR} Imaging and Fiber Tractography},
	title = {Diffusion Tensor {MR} Imaging and Fiber Tractography: Technical Considerations},
	url = {http://www.ajnr.org/content/29/5/843},
	volume = 29,
	year = 2008
}

@article{soares_hitchhikers_2013,
	author = {Soares, Jos\'e M. and Marques, Paulo and Alves, Victor and Sousa, Nuno},
	doi = {10.3389/fnins.2013.00031},
	journal = {Front Neurosci},
	pages = 31,
	title = {A hitchhiker's guide to diffusion tensor imaging},
	url = {http://www.frontiersin.org/Brain\_Imaging\_Methods/10.3389/fnins.2013.00031/abstract},
	volume = 7,
	year = 2013
}

@article{brien_3d_2013,
	author = {O'Brien, K. and Daducci, A. and Kickler, N. and Lazeyras, F. and Gruetter, R. and Feiweier, T. and Krueger, G.},
	doi = {10.1109/TMI.2013.2259249},
	issn = {0278-0062},
	journal = {IEEE Trans Med Imag},
	number = 8,
	pages = {1515-1525},
	shorttitle = {3D Residual Eddy Current Field Characterisation},
	title = {3D Residual Eddy Current Field Characterisation: applied to Diffusion Weighted Magnetic Resonance Imaging},
	volume = 32,
	year = 2013
}

@article{daducci_quantitative_2014,
	author = {Daducci, A. and Canales-Rodriguez, E. and Descoteaux, M. and Gur, Y. and Mani, M. and Merlet, S. and Ramirez-Manzanares, A. and Rodrigues, P.R. and Reisert, M. and Sepehrband, F. and Paquette, M. and Garyfallidis, E. and Ying-Chia, Y.C. and Menegaz, G. and Jacob, M. and Caruyer, E. and Deriche, R. and Choupan, J. and Prckovska, V. and Rivera, M. and Wiaux, Y. and Thiran, J.P.},
	doi = {10.1109/TMI.2013.2285500},
	issn = {0278-0062},
	journal = {IEEE Trans Med Imag},
	number = 2,
	pages = {384-399},
	title = {Quantitative comparison of reconstruction methods for intra-voxel fiber recovery from diffusion {MRI}},
	volume = 33,
	year = 2014
}

@article{hsu_correction_2009,
	author = {Hsu, Yung-Chin and Hsu, Ching-Han and Tseng, W.-Y.I.},
	doi = {10.1109/TMI.2009.2026474},
	issn = {0278-0062},
	journal = {IEEE Trans Med Imag},
	number = 11,
	pages = {1850 -1857},
	title = {Correction for Susceptibility-Induced Distortion in Echo-Planar Imaging Using Field Maps and Model-Based Point Spread Function},
	volume = 28,
	year = 2009
}

@article{reber_correction_1998,
	author = {Reber, P. J. and Wong, E. C. and Buxton, R. B. and Frank, L. R.},
	journal = {Magn Reson Med},
	number = 2,
	pages = {328-330},
	title = {Correction of off resonance-related distortion in echo-planar imaging using {EPI}-based field maps},
	url = {http://onlinelibrary.wiley.com/doi/10.1002/mrm.1910390223/abstract},
	volume = 39,
	year = 1998
}

@article{jbabdi_tractography_2011,
	author = {Jbabdi, Saad and Johansen-Berg, Heidi},
	doi = {10.1089/brain.2011.0033},
	issn = {2158-0014, 2158-0022},
	journal = {Brain Connect},
	number = 3,
	pages = {169-183},
	shorttitle = {Tractography},
	title = {Tractography: Where Do We Go from Here?},
	url = {http://online.liebertpub.com/doi/abs/10.1089/brain.2011.0033},
	volume = 1,
	year = 2011
}

@article{jha_taskbased_2012,
	author = {Jha, Abhinav K. and Kupinski, Matthew A. and Rodríguez, Jeffrey J. and Stephen, Renu M. and Stopeck, Alison T.},
	doi = {10.1088/0031-9155/57/13/4425},
	issn = {0031-9155},
	journal = {Phys Med Biol},
	language = {en},
	number = 13,
	pages = 4425,
	title = {Task-based evaluation of segmentation algorithms for diffusion-weighted {MRI} without using a gold standard},
	url = {http://iopscience.iop.org/0031-9155/57/13/4425},
	volume = 57,
	year = 2012
}

@article{zoellei_improved_2010,
	author = {Z\"ollei, Lilla and Stevens, Allison and Huber, Kristen and Kakunoori, Sita and Fischl, Bruce},
	doi = {10.1016/j.neuroimage.2010.01.101},
	issn = {1053-8119},
	journal = {NeuroImage},
	number = 1,
	pages = {206-213},
	title = {Improved tractography alignment using combined volumetric and surface registration},
	url = {http://www.sciencedirect.com/science/article/pii/S1053811910001400},
	volume = 51,
	year = 2010
}

@article{bresson_variational_2006,
	author = {Bresson, X. and Vandergheynst, P. and Thiran, J. P.},
	doi = {10.1007/s11263-006-6658-x},
	journal = {Int J Comput Vis},
	number = 2,
	pages = {145-162},
	title = {A variational model for object segmentation using boundary information and shape prior driven by the Mumford-Shah functional},
	url = {http://www.springerlink.com/index/WU0311444417743P.pdf},
	volume = 68,
	year = 2006
}

@inproceedings{chan_level_2005,
	address = {San Diego, CA, USA},
	author = {Chan, T. and Zhu, W.},
	booktitle = {CVPR},
	doi = {10.1109/CVPR.2005.212},
	isbn = {0-7695-2372-2},
	pages = {1164-1170},
	volume = 2,
	title = {Level set based shape prior segmentation},
	url = {http://ieeexplore.ieee.org/xpls/abs\_all.jsp?arnumber=1467575},
	year = 2005
}

@article{chen_using_2002,
	author = {Chen, Yunmei and Tagare, Hemant D. and Thiruvenkadam, Sheshadri and Huang, Feng and Wilson, David and Gopinath, Kaundinya S. and Briggs, Richard W. and Geiser, Edward A.},
	doi = {10.1023/A:1020878408985},
	issn = {0920-5691, 1573-1405},
	journal = {Int J Comput Vis},
	language = {en},
	number = 3,
	pages = {315-328},
	title = {Using Prior Shapes in Geometric Active Contours in a Variational Framework},
	url = {http://link.springer.com/article/10.1023/A\%3A1020878408985},
	volume = 50,
	year = 2002
}

@article{cremers_kernel_2006,
	author = {Cremers, Daniel and Osher, Stanley J. and Soatto, Stefano},
	journal = {Int J Comput Vis},
	number = 3,
	pages = {335-351},
	title = {Kernel Density Estimation and Intrinsic Alignment for Shape Priors in Level Set Segmentation},
	volume = 69,
	year = 2006
}

@article{gastaud_combining_2004,
	author = {Gastaud, Muriel and Barlaud, Michel and Aubert, Gilles},
	journal = {IEEE Trans Circuits Syst Video Technol},
	number = 5,
	pages = {726-734},
	title = {Combining Shape Prior and Statistical Features for Active Contour Segmentation},
	volume = 14,
	year = 2004
}

@article{wyatt_map_2003,
	author = {Wyatt, Paul P. and Noble, J.Alison},
	doi = {10.1016/S1361-8415(03)00067-7},
	journal = {Med Image Anal},
	number = 4,
	pages = {539-552},
	title = {{MAP} {MRF} joint segmentation and registration of medical images},
	volume = 7,
	year = 2003
}

@article{paragios_level_2003,
	author = {Paragios, Nikos},
	doi = {10.1109/TMI.2003.814785},
	journal = {IEEE Trans Med Imag},
	number = 6,
	pages = {773-776},
	title = {A level set approach for shape-driven segmentation and tracking of the left ventricle},
	volume = 22,
	year = 2003
}

@article{yezzi_variational_2003,
	author = {Yezzi, A. and Z\"ollei, L. and Kapur, T.},
	doi = {10.1016/S1361-8415(03)00004-5},
	issn = {1361-8415},
	journal = {Med Image Anal},
	number = 2,
	pages = {171-185},
	shorttitle = {Mathematical Methods in Biomedical Image Analysis - MMBIA 2001},
	title = {A variational framework for integrating segmentation and registration through active contours},
	url = {http://www.sciencedirect.com/science/article/pii/S1361841503000045},
	volume = 7,
	year = 2003
}

@article{gorthi_segmentation_2009,
	author = {Gorthi, Subrahmanyam and Duay, Val\'erie and Houhou, Nawal and Bach Cuadra, Meritxell and Schick, Ulrike and Becker, Minerva and Allal, Abdelkarim S and Thiran, Jean-Philippe},
	journal = {IEEE J Sel Topics Signal Process},
	number = 1,
	pages = {135-147},
	title = {Segmentation of Head and Neck Lymph Node Regions for Radiotherapy Planning Using Active Contour-Based Atlas Registration},
	volume = 3,
	year = 2009
}

@inproceedings{pohl_unifying_2005,
	address = {Palm Springs, CA, USA},
	author = {Pohl, Kilian M. and Fisher, John and Levitt, James J. and Shenton, Martha E. and Kikinis, Ron and Grimson, W. Eric L. and Wells, William M.},
	booktitle = {8$^{th}$ MICCAI},
	pages = {310-318},
	publisher = {Springer Berlin Heidelberg},
	series = {LNCS},
	title = {A Unifying Approach to Registration, Segmentation, and Intensity Correction},
	volume = 3749,
	year = 2005
}

@article{pohl_bayesian_2006,
	author = {Pohl, Kilian M and Fisher, John and Grimson, W Eric L and Kikinis, Ron and Wells, William M},
	doi = {10.1016/j.neuroimage.2005.11.044},
	journal = {NeuroImage},
	number = 1,
	pages = {228-39},
	title = {A {B}ayesian model for joint segmentation and registration.},
	volume = 31,
	year = 2006
}

@article{wang_joint_2006,
	author = {Wang, Fei and Vemuri, Baba C and Eisenschenk, Stephan J},
	doi = {10.1016/j.acra.2006.05.017},
	journal = {Acad Radiol},
	number = 9,
	pages = {1104-11},
	title = {Joint registration and segmentation of neuroanatomic structures from brain {MRI}},
	volume = 13,
	year = 2006
}

@article{guyader_combined_2011,
	author = {Le Guyader, Carole and Vese, Luminita A.},
	doi = {10.1016/j.cviu.2011.05.009},
	issn = {1077-3142},
	journal = {Comput Vis Image Und},
	number = 12,
	pages = {1689-1709},
	shorttitle = {Special issue on Optimization for Vision, Graphics and Medical Imaging: Theory and Applications},
	title = {A combined segmentation and registration framework with a nonlinear elasticity smoother},
	url = {http://www.sciencedirect.com/science/article/pii/S1077314211001573},
	volume = 115,
	year = 2011
}

@article{besson_dream2s_2003,
	author = {Jehan-Besson, St\'ephanie and Barlaud, Michel and Aubert, Gilles},
	doi = {10.1023/A:1023031708305},
	issn = {0920-5691},
	number = 1,
	pages = {45-70},
	journal = {Int J Comput Vis},
	title = {{DREAM2S}: Deformable Regions Driven by an Eulerian Accurate Minimization Method for Image and Video Segmentation},
	url = {http://www.springerlink.com/content/k02g18w07187x344/},
	volume = 53,
	year = 2003
}

@article{bertero_illposed_1988,
	author = {Bertero, Mario and Poggio, Tomaso A and Torre, Vincent},
	journal = {Proc IEEE},
	number = 8,
	pages = {869-889},
	title = {Ill-Posed Problems in Early Vision},
	volume = 76,
	year = 1988
}

@article{cote_tractometer_2013,
	author = {Côt\'e, Marc-Alexandre and Girard, Gabriel and Bor\'e, Arnaud and Garyfallidis, Eleftherios and Houde, Jean-Christophe and Descoteaux, Maxime},
	doi = {10.1016/j.media.2013.03.009},
	issn = {1361-8415},
	journal = {Med Image Anal},
	number = 7,
	pages = {844-857},
	shorttitle = {Tractometer},
	title = {Tractometer: Towards Validation of Tractography Pipelines},
	url = {http://www.sciencedirect.com/science/article/pii/S1361841513000479},
	volume = 17,
	year = 2013
}

@article{fischl_measuring_2000,
	author = {Fischl, Bruce and Dale, Anders M.},
	doi = {10.1073/pnas.200033797},
	issn = {0027-8424, 1091-6490},
	journal = {PNAS},
	language = {en},
	number = 20,
	pages = {11050-11055},
	title = {Measuring the thickness of the human cerebral cortex from magnetic resonance images},
	url = {http://www.pnas.org/content/97/20/11050},
	volume = 97,
	year = 2000
}

@article{sotiras_deformable_2013,
	author = {Sotiras, A. and Davatzikos, C. and Paragios, N.},
	doi = {10.1109/TMI.2013.2265603},
	issn = {0278-0062},
	journal = {IEEE Trans Med Imag},
	number = 7,
	pages = {1153-1190},
	shorttitle = {Deformable Medical Image Registration},
	title = {Deformable Medical Image Registration: A Survey},
	volume = 32,
	year = 2013
}

@article{cuadra_comparison_2005,
	author = {Cuadra, MB. and Cammoun, L. and Butz, T. and Cuisenaire, O. and Thiran, J. P},
	doi = {10.1109/TMI.2005.857652},
	journal = {IEEE Trans Med Imag},
	number = 12,
	pages = {1548-1565},
	title = {Comparison and validation of tissue modelization and statistical classification methods in {T1} weighted {MR} brain images},
	volume = 24,
	year = 2005
}

@article{leemput_automated_1999,
	author = {Van Leemput, K. and Maes, F. and Vandermeulen, D. and Suetens, P.},
	doi = {10.1109/42.811270},
	journal = {IEEE Trans Med Imag},
	number = 10,
	pages = {897-908},
	title = {Automated model-based tissue classification of {MR} images of the brain},
	volume = 18,
	year = 1999
}

@article{glasser_minimal_2013,
	author = {Glasser, Matthew F. and Sotiropoulos, Stamatios N. and Wilson, J. Anthony and Coalson, Timothy S. and Fischl, Bruce and Andersson, Jesper L. and Xu, Junqian and Jbabdi, Saad and Webster, Matthew and Polimeni, Jonathan R. and Van Essen, David C. and Jenkinson, Mark},
	doi = {10.1016/j.neuroimage.2013.04.127},
	issn = {1053-8119},
	journal = {NeuroImage},
	pages = {105-124},
	series = {Mapping the Connectome},
	title = {The minimal preprocessing pipelines for the {H}uman {C}onnectome {P}roject},
	url = {http://www.sciencedirect.com/science/article/pii/S1053811913005053},
	volume = 80,
	year = 2013
}

@article{essen_human_2012,
	author = {Van Essen, D.C. and Ugurbil, K. and Auerbach, E. and Barch, D. and Behrens, T.E.J. and Bucholz, R. and Chang, A. and Chen, L. and Corbetta, M. and Curtiss, S.W. and Della Penna, S. and Feinberg, D. and Glasser, M.F. and Harel, N. and Heath, A.C. and Larson-Prior, L. and Marcus, D. and Michalareas, G. and Moeller, S. and Oostenveld, R. and Petersen, S.E. and Prior, F. and Schlaggar, B.L. and Smith, S.M. and Snyder, A.Z. and Xu, J. and Yacoub, E.},
	doi = {10.1016/j.neuroimage.2012.02.018},
	issn = {1053-8119},
	journal = {NeuroImage},
	number = 4,
	pages = {2222-2231},
	shorttitle = {Connectivity Connectivity},
	title = {The {H}uman {C}onnectome {P}roject: A data acquisition perspective},
	url = {http://www.sciencedirect.com/science/article/pii/S1053811912001954},
	volume = 62,
	year = 2012
}

@inproceedings{caruyer_phantomas_2014,
	address = {Milano, Italy},
	author = {Caruyer, Emmanuel and Daducci, Alessandro and Descoteaux, Maxime and Houde, Jean-Christophe and Thiran, Jean-Philippe and Verma, Ragini},
	booktitle = {23$^{th}$ ISMRM},
	title = {Phantomas: a flexible software library to simulate diffusion {MR} phantoms},
	pages = 6407,
	year = 2014
}

@article{tournier_mrtrix_2012,
	author = {Tournier, J-Donald and Calamante, Fernando and Connelly, Alan},
	copyright = {Copyright © 2011 Wiley Periodicals, Inc.},
	doi = {10.1002/ima.22005},
	issn = {1098-1098},
	journal = {Int J Imag Syst Tech},
	language = {en},
	number = 1,
	pages = {53-66},
	shorttitle = {MRtrix},
	title = {{MRtrix}: Diffusion tractography in crossing fiber regions},
	url = {http://onlinelibrary.wiley.com/doi/10.1002/ima.22005/abstract},
	volume = 22,
	year = 2012
}

@article{gorgolewski_nipype_2011,
	author = {Gorgolewski, K. and Burns, C. D. and Madison, C. and Clark, D. and Halchenko, Y. O. and Waskom, M. L. and Ghosh, S.},
	doi = {10.3389/fninf.2011.00013},
	journal = {Front Neuroinform},
	pages = 13,
	shorttitle = {Nipype},
	title = {Nipype: a flexible, lightweight and extensible neuroimaging data processing framework in Python},
	url = {http://www.frontiersin.org/Neuroinformatics/10.3389/fninf.2011.00013/abstract},
	volume = 5,
	year = 2011
}

@inproceedings{rueckert_diffeomorphic_2006,
	address = {Copenhagen, Denmark},
	author = {Rueckert, Daniel and Aljabar, Paul and Heckemann, Rolf A. and Hajnal, Joseph V. and Hammers, Alexander},
	booktitle = {9$^{th}$ MICCAI},
	copyright = {©2006 Springer-Verlag Berlin Heidelberg},
	doi = {10.1007/11866763\_86},
	isbn = {978-3-540-44727-6, 978-3-540-44728-3},
	pages = {702-709},
	publisher = {Springer Berlin Heidelberg},
	series = {LNCS},
	title = {Diffeomorphic Registration Using {B}-{Splines}},
	url = {http://link.springer.com/chapter/10.1007/11866763\_86},
	volume = 4191,
	year = 2006
}

@article{gass_simultaneous_2014,
	author = {Gass, Tobias and Sz\'ekely, G\'abor and Goksel, Orcun},
	doi = {10.1109/TIP.2014.2322447},
	issn = {1941-0042},
	journal = {IEEE Trans Image Process},
	language = {eng},
	number = 7,
	pages = {2931-2943},
	title = {Simultaneous segmentation and multiresolution nonrigid atlas registration},
	volume = 23,
	year = 2014
}

@article{commandeur_vtk_2011,
	author = {Commandeur, F. and Velut, J. and Acosta, O.},
	issn = {2328-3459},
	journal = {VTK Journal},
	title = {A {VTK} algorithm for the computation of the {H}ausdorff distance},
	url = {http://hdl.handle.net/10380/3322},
	volume = 839,
	year = 2011
}

@inproceedings{irfanoglu_drbuddi_2014,
	address = {Boston, MA, US},
	author = {Irfanoglu, M. Okan and Modi, Pooja and Nayak, Amritha and Knutsen, Andrew and Sarlls, Joelle and Pierpaoli, Carlo},
	booktitle = {17$^{th}$ MICCAI},
	copyright = {©2014 Springer International Publishing Switzerland},
	doi = {10.1007/978-3-319-10404-1\_28},
	isbn = {978-3-319-10403-4, 978-3-319-10404-1},
	language = {en},
	pages = {218-226},
	publisher = {Springer International Publishing},
	series = {LNCS},
	shorttitle = {DR-BUDDI},
	title = {DR-BUDDI: Diffeomorphic Registration for Blip Up-Down Diffusion Imaging},
	url = {http://link.springer.com/chapter/10.1007/978-3-319-10404-1\_28},
	volume = 8673,
	year = 2014
}

@inproceedings{irfanoglu_susceptibility_2011,
	address = {Toronto, Canada},
	author = {Irfanoglu, M. O. and Walker, L. and Sammet, S. and Pierpaoli, C. and Machiraju, R.},
	booktitle = {14$^{th}$ MICCAI},
	copyright = {©2011 Springer-Verlag GmbH Berlin Heidelberg},
	doi = {10.1007/978-3-642-23629-7\_22},
	isbn = {978-3-642-23628-0, 978-3-642-23629-7},
	language = {en},
	pages = {174-181},
	publisher = {Springer Berlin Heidelberg},
	series = {LNCS},
	shorttitle = {Susceptibility Distortion Correction for Echo Planar Images with Non-uniform {B}-{Spline} Grid Sampling},
	title = {Susceptibility Distortion Correction for Echo Planar Images with Non-uniform {B}-{Spline} Grid Sampling: A Diffusion Tensor Image Study},
	url = {http://link.springer.com/chapter/10.1007/978-3-642-23629-7\_22},
	volume = 6892,
	year = 2011
}

@inproceedings{esteban_simulationbased_2014,
	address = {Beijing, China},
	author = {Esteban, Oscar and Daducci, Alessandro and Caruyer, Emmanuel and O'Brien, Kieran and Ledesma-Carbayo, Mar\'ia-J and Bach-Cuadra, Meritxell and Santos, Andres},
	booktitle = {11$^{th}$ ISBI},
	doi = {10.1109/ISBI.2014.6867976},
	pages = {738-741},
	title = {Simulation-based evaluation of susceptibility distortion correction methods in diffusion {MRI} for connectivity analysis},
	year = 2014
}

@article{daducci_connectome_2012,
	author = {Daducci, Alessandro and Gerhard, Stephan and Griffa, Alessandra and Lemkaddem, Alia and Cammoun, Leila and Gigandet, Xavier and Meuli, Reto and Hagmann, Patric and Thiran, Jean-Philippe},
	doi = {10.1371/journal.pone.0048121},
	journal = {PLoS ONE},
	number = 12,
	pages = {e48121},
	shorttitle = {The Connectome Mapper},
	title = {The Connectome Mapper: An Open-Source Processing Pipeline to Map Connectomes with {MRI}},
	url = {http://dx.doi.org/10.1371/journal.pone.0048121},
	volume = 7,
	year = 2012
}

@inproceedings{chiou_simple_2000,
	address = {Denver, USA},
	author = {Chiou, J. Y. and Nalcioglu, O.},
	booktitle = {8$^{th}$ ISMRM},
	pages = 1711,
	shorttitle = {A simple method to correct off-resonance related distortion in {EPI}},
	title = {A simple method to correct off-resonance related distortion in echo planar imaging},
	year = 2000
}

@inproceedings{cordes_geometric_2000,
	address = {Denver, USA},
	author = {Cordes, D. and Arfanakis, K. and Haughton, V. and Meyerand, M.E.},
	booktitle = {8$^{th}$ ISMRM},
	pages = 1712,
	shorttitle = {Geometric distortion correction in {EPI}},
	title = {Geometric distortion correction in {EPI} using two images with orthogonal phase-encoding directions},
	year = 2000
}

@article{klein_elastix_2010,
	author = {Klein, S. and Staring, M. and Murphy, K. and Viergever, M.A. and Pluim, J. P W},
	doi = {10.1109/TMI.2009.2035616},
	issn = {0278-0062},
	journal = {IEEE Trans Med Imag},
	number = 1,
	pages = {196-205},
	shorttitle = {elastix},
	title = {elastix: A Toolbox for Intensity-Based Medical Image Registration},
	volume = 29,
	year = 2010
}

@inproceedings{leemans_exploredti_2009,
	address = {Hawaii, USA},
	author = {Leemans, A. and Jeurissen, B. and Sijbers, J. and Jones, DK.},
	booktitle = {17$^{th}$ ISMRM},
	pages = 3537,
	title = {{ExploreDTI}: a graphical toolbox for processing, analyzing, and visualizing diffusion {MR} data},
	year = 2009
}

@article{esteban_acweregistration_2015,
	author = {Esteban, Oscar},
	doi = {10.5281/zenodo.14884},
	title = {ACWE-Registration 1.0 - Using active contours without edges to simultaneously segment and correct distortions in dMRI datasets.},
	year = 2015
}

@article{jenkinson_fast_2003,
	author = {Jenkinson, Mark},
	copyright = {Copyright © 2003 Wiley-Liss, Inc.},
	doi = {10.1002/mrm.10354},
	issn = {1522-2594},
	journal = {Magn Reson Med},
	language = {en},
	number = 1,
	pages = {193-197},
	title = {Fast, automated, N-dimensional phase-unwrapping algorithm},
	url = {http://onlinelibrary.wiley.com/doi/10.1002/mrm.10354/abstract},
	volume = 49,
	year = 2003
}

@article{daga_susceptibility_2014,
	author = {Daga, Pankaj and Pendse, Tejas and Modat, Marc and White, Mark and Mancini, Laura and Winston, Gavin P. and McEvoy, Andrew W. and Thornton, John and Yousry, Tarek and Drobnjak, Ivana and Duncan, John S. and Ourselin, Sebastien},
	doi = {10.1016/j.media.2014.06.008},
	issn = {1361-8415},
	journal = {Med Image Anal},
	number = 7,
	pages = {1132-1142},
	shorttitle = {Susceptibility artefact correction using dynamic graph cuts},
	title = {Susceptibility artefact correction using dynamic graph cuts: Application to neurosurgery},
	url = {http://www.sciencedirect.com/science/article/pii/S1361841514001029},
	volume = 18,
	year = 2014
}

@article{tustison_instrumentation_2013,
	author = {Tustison, Nicholas J. and Johnson, Hans J. and Rohlfing, Torsten and Klein, Arno and Ghosh, Satrajit S. and Ibanez, Luis and Avants, Brian B.},
	doi = {10.3389/fnins.2013.00162},
	journal = {Front Neurosci},
	pages = 162,
	shorttitle = {Instrumentation bias in the use and evaluation of scientific software},
	title = {Instrumentation bias in the use and evaluation of scientific software: recommendations for reproducible practices in the computational sciences},
	url = {http://www.frontiersin.org/Journal/10.3389/fnins.2013.00162/full},
	volume = 7,
	year = 2013
}

@article{zhou_reliable_2009,
	author = {Zhou, Kun and Zaitsev, Maxim and Bao, Shanglian},
	copyright = {Copyright © 2009 Wiley-Liss, Inc.},
	doi = {10.1002/mrm.22074},
	issn = {1522-2594},
	journal = {Magn Reson Med},
	language = {en},
	number = 4,
	pages = {1085-1090},
	title = {Reliable two-dimensional phase unwrapping method using region growing and local linear estimation},
	url = {http://onlinelibrary.wiley.com/doi/10.1002/mrm.22074/abstract},
	volume = 62,
	year = 2009
}

@article{irfanoglu_effects_2012,
	author = {Irfanoglu, M. Okan and Walker, Lindsay and Sarlls, Joelle and Marenco, Stefano and Pierpaoli, Carlo},
	doi = {10.1016/j.neuroimage.2012.02.054},
	issn = {1053-8119},
	journal = {NeuroImage},
	number = 1,
	pages = {275-288},
	shorttitle = {Effects of image distortions},
	title = {Effects of image distortions originating from susceptibility variations and concomitant fields on diffusion {MRI} tractography results},
	url = {http://www.sciencedirect.com/science/article/pii/S1053811912002327},
	volume = 61,
	year = 2012
}

@article{smith_tractbased_2006,
	author = {Smith, Stephen M. and Jenkinson, Mark and Johansen-Berg, Heidi and Rueckert, Daniel and Nichols, Thomas E. and Mackay, Clare E. and Watkins, Kate E. and Ciccarelli, Olga and Cader, M. Zaheer and Matthews, Paul M. and Behrens, Timothy E. J.},
	doi = {10.1016/j.neuroimage.2006.02.024},
	issn = {1053-8119},
	journal = {NeuroImage},
	number = 4,
	pages = {1487-1505},
	shorttitle = {Tract-based spatial statistics},
	title = {Tract-based spatial statistics: Voxelwise analysis of multi-subject diffusion data},
	url = {http://www.sciencedirect.com/science/article/pii/S1053811906001388},
	volume = 31,
	year = 2006
}

@article{estellers_efficient_2012,
	author = {Estellers, V. and Zosso, D. and Lai, Rongjie and Osher, S. and Thiran, J. and Bresson, X.},
	doi = {10.1109/TIP.2012.2202674},
	issn = {1057-7149},
	journal = {IEEE Trans Image Process},
	number = 12,
	pages = {4722-4734},
	title = {Efficient Algorithm for Level Set Method Preserving Distance Function},
	volume = 21,
	year = 2012
}

@phdthesis{jonasson_segmentation_2005,
	address = {Lausanne (Swizerland)},
	author = {Jonasson, Lisa},
	school = {\'Ecole Polytechnique F\'ed\'erale de Lausanne},
	title = {Segmentation of diffusion weighted MRI using the level set framework},
	type = {{Ph.D.} {T}hesis},
	url = {http://dx.doi.org/10.5075/epfl-thesis-3315},
	year = 2005
}

@article{saad_new_2009,
	author = {Saad, Ziad S. and Glen, Daniel R. and Chen, Gang and Beauchamp, Michael S. and Desai, Rutvik and Cox, Robert W.},
	doi = {10.1016/j.neuroimage.2008.09.037},
	issn = {1053-8119},
	journal = {NeuroImage},
	number = 3,
	pages = {839-848},
	title = {A new method for improving functional-to-structural {MRI} alignment using local {P}earson correlation},
	url = {http://www.sciencedirect.com/science/article/pii/S1053811908010409},
	volume = 44,
	year = 2009
}


@article{taoka_fractional_2009,
	author = {Taoka, T. and Morikawa, M. and Akashi, T. and Miyasaka, T. and Nakagawa, H. and Kiuchi, K. and Kishimoto, T. and Kichikawa, K.},
	doi = {10.3174/ajnr.A1698},
	issn = {1936-959X},
	journal = {AJNR Am J Neuroradiol},
	language = {eng},
	number = 9,
	pages = {1700-1703},
	shorttitle = {Fractional anisotropy--threshold dependence in tract-based diffusion tensor analysis},
	title = {Fractional anisotropy--threshold dependence in tract-based diffusion tensor analysis: evaluation of the uncinate fasciculus in {A}lzheimer disease},
	volume = 30,
	year = 2009
}
@inproceedings{esteban_brain_2012,
	address = {Barcelona, Spain},
	author = {Esteban, Oscar and Gorthi, Subrahmanyam and Daducci, Alessandro and Ledesma-Carbayo, Mar\'ia-J. and Santos, Andres and Thiran, Jean-Philippe and Bach-Cuadra, Meritxell},
	booktitle = {9$^{th}$ ISBI},
	copyright = {http://creativecommons.org/licenses/by/3.0/es/},
	title = {Brain tissue segmentation on {D}iffusion {W}eighted {M}agnetic {R}esonance data},
	pages= {SA-PO.PB.354},
	url = {http://oa.upm.es/22221/},
	year = 2012
}

@article{kybic_fast_2003,
	author = {Kybic, J. and Unser, Michael},
	journal = {IEEE Trans Image Process},
	number = 11,
	pages = {1427-1442},
	title = {Fast parametric elastic image registration},
	volume = 12,
	year = 2003
}
