
@article{yezzi_variational_2003,
	title = {A variational framework for integrating segmentation and registration through active contours},
	volume = {7},
	number = {2},
	journal = {Medical Image Analysis},
	author = {Yezzi, A. and Z{\"o}llei, L. and Kapur, T.},
	month = jun,
	year = {2003},
	pages = {171{\textendash}185}
},

@article{paragios_level_2003,
	title = {A level set approach for shape-driven segmentation and tracking of the left ventricle},
	volume = {22},
	number = {6},
	journal = {{IEEE} Transactions on Medical Imaging},
	author = {Paragios, Nikos},
	month = jun,
	year = {2003},
	keywords = {Algorithms, Heart Ventricles, Heart Ventricles: anatomy \& histology, Heart Ventricles: ultrasonography, Humans, Imaging, Magnetic Resonance Imaging, Magnetic Resonance Imaging: methods, Motion, Subtraction Technique, Three-Dimensional, Three-Dimensional: methods, Ultrasonography, Ultrasonography: methods},
	pages = {773{\textendash}776}
},

@inproceedings{yezzi_variational_2001,
	title = {A variational framework for joint segmentation and registration},
	booktitle = {{MMBIA} 2001},
	publisher = {{IEEE} Comput. Soc},
	author = {Yezzi, A. and Zollei, L. and Kapur, T.},
	year = {2001},
	pages = {44{\textendash}51}
},

@article{wang_joint_2006,
	title = {Joint registration and segmentation of neuroanatomic structures from brain {MRI.}},
	volume = {13},
	number = {9},
	journal = {Academic radiology},
	author = {Wang, Fei and Vemuri, Baba C and Eisenschenk, Stephan J},
	month = sep,
	year = {2006},
	pages = {1104{\textendash}11}
},

@inproceedings{vemuri_joint_2003,
	address = {New York},
	title = {Joint Image Registration and Segmentation},
	booktitle = {Geometric Level Set Methods in Imaging, Vision, and Graphics},
	publisher = {Springer-Verlag},
	author = {Vemuri, Baba and Chen, Yunmei},
	year = {2003},
	pages = {251{\textendash}269}
},

@article{wyatt_map_2003,
	title = {{MAP} {MRF} joint segmentation and registration of medical images},
	volume = {7},
	number = {4},
	journal = {Medical Image Analysis},
	author = {Wyatt, Paul P. and Noble, {J.Alison}},
	month = dec,
	year = {2003},
	pages = {539{\textendash}552}
},

@article{gorthi_active_2011,
	title = {Active deformation fields: dense deformation field estimation for atlas-based segmentation using the active contour framework},
	volume = {15},
	number = {6},
	journal = {Medical Image Analysis},
	author = {Gorthi, Subrahmanyam and Duay, Val{\'e}rie and Bresson, Xavier and Bach Cuadra, Meritxell and S{\'a}nchez Castro, F Javier and Pollo, Claudio and Allal, Abdelkarim S and Thiran, Jean-Philippe},
	year = {2011},
	pages = {787{\textendash}800}
},

@article{gorthi_segmentation_2009,
	title = {Segmentation of Head and Neck Lymph Node Regions for Radiotherapy Planning Using Active Contour-Based Atlas Registration},
	volume = {3},
	number = {1},
	journal = {{IEEE} Journal of Selected Topics in Signal Processing},
	author = {Gorthi, Subrahmanyam and Duay, Val{\'e}rie and Houhou, Nawal and Bach Cuadra, Meritxell and Schick, Ulrike and Becker, Minerva and Allal, Abdelkarim S and Thiran, Jean-Philippe},
	year = {2009},
	pages = {135{\textendash}147}
}