
@article{landman_multi-parametric_2011,
	title = {Multi-parametric neuroimaging reproducibility: A 3-T resource study},
	volume = {54},
	shorttitle = {Multi-parametric neuroimaging reproducibility},
	url = {http://www.sciencedirect.com/science/article/pii/S1053811910015259},
	number = {4},
	urldate = {2012-06-20},
	journal = {{NeuroImage}},
	author = {Landman, B. A. and Huang, A. J. and Gifford, A. and Vikram, D. S. and Lim, I. A. L. and Farrell, J. A. D. and Bogovic, J. A. and Hua, J. and Chen, M. and Jarso, S. and others},
	year = {2011},
	pages = {2854{\textendash}2866},
	file = {Snapshot:/home/oesteban/.zotero/zotero/ndhgvh37.default/zotero/storage/ZJF8TAPB/S1053811910015259.html:text/html}
},

@misc{landman_multi-modal_2011,
	title = {Multi-Modal {MRI} Reproducibility Resource [database]},
	shorttitle = {Kirby 21 database},
	url = {http://www.nitrc.org/projects/multimodal},
	urldate = {2013-05-07},
	author = {Landman, Bennett A. and Huang, Alan J. and Gifford, Aliya and Vikram, Deepti S. and Lim, Issel Anne L. and Farrell, Jonathan {A.D.} and Bogovic, John A. and Hua, Jun and Chen, Min and Jarso, Samson and Smith, Seth A. and Joel, Suresh and Mori, Susumu and Pekar, James J. and Barker, Peter B. and Prince, Jerry L. and van Zijl, Peter {C.M.}},
	month = feb,
	year = {2011}
}