
@article{gorgolewski_nipype:_2011,
	title = {Nipype: a flexible, lightweight and extensible neuroimaging data processing framework in python},
	volume = {5},
	shorttitle = {Nipype},
	url = {http://www.ncbi.nlm.nih.gov/pmc/articles/pmc3159964/},
	urldate = {2012-11-23},
	journal = {Frontiers in Neuroinformatics},
	author = {Gorgolewski, K. and Burns, C. D. and Madison, C. and Clark, D. and Halchenko, Y. O. and Waskom, M. L. and Ghosh, S. S.},
	year = {2011}
},

@article{avants_open_2011,
	title = {An open source multivariate framework for n-tissue segmentation with evaluation on public data},
	volume = {9},
	number = {4},
	journal = {Neuroinformatics},
	author = {Avants, B. B and Tustison, N. J and Wu, J. and Cook, P. A and Gee, J. C},
	year = {2011},
	pages = {381--400},
	file = {[PDF] from polytechnic.edu.na:/home/oesteban/.zotero/zotero/ndhgvh37.default/zotero/storage/GHTJVDC4/Avants et al. - 2011 - An open source multivariate framework for n-tissue.pdf:application/pdf;Snapshot:/home/oesteban/.zotero/zotero/ndhgvh37.default/zotero/storage/IVHB6TXT/Avants et al. - 2011 - An open source multivariate framework for n-tissue.html:text/html}
},

@misc{avants_ants:_2013,
	title = {{ANTs:} Advanced Normalization Tools},
	url = {http://www.picsl.upenn.edu/ANTS/},
	urldate = {2013-05-07},
	author = {Avants, {B.B.} and Song, G. and Duda, {J.T.} and Johnson, {H.J.} and Tustison, N.},
	year = {2013},
	note = {Last accessed May 7th, 2013}
},

@incollection{ahrens_paraview:_2005,
	title = {Paraview: An end-user tool for large data visualization},
	isbn = {978-0123875822},
	shorttitle = {Paraview},
	booktitle = {The Visualization Handbook},
	publisher = {Elsevier Inc.},
	author = {Ahrens, James and Geveci, Berk and Law, Charles},
	year = {2005},
	pages = {717--731,LXX-LXXII}
},

@article{yushkevich_user-guided_2005,
	title = {User-guided level set segmentation of anatomical structures with {ITK-SNAP}},
	volume = {1},
	url = {http://www.researchgate.net/publication/28358593_User-Guided_Level_Set_Segmentation_of_Anatomical_Structures_with_ITK-SNAP/file/79e4150eed9700b590.pdf},
	urldate = {2013-07-16},
	journal = {Insight Jounral},
	author = {Yushkevich, Paul A. and Piven, Joseph and Cody, Heather and Ho, Sean and Gee, James C. and Gerig, Guido},
	year = {2005},
	file = {[PDF] from researchgate.net:/home/oesteban/.zotero/zotero/ndhgvh37.default/zotero/storage/4C627I7G/Yushkevich et al. - 2005 - User-guided level set segmentation of anatomical s.pdf:application/pdf}
}