@book{bishop_pattern_2006,
	author = {Bishop, C. M},
	isbn = {978-0387-31073-2},
	publisher = {Springer Science+Business Media, LLC},
	title = {Pattern recognition and machine learning},
	volume = 4,
	year = 2006
}

@inproceedings{unal_coupled_2005,
	author = {Unal, G. and Slabaugh, G.},
	booktitle = {IEEE Computer Society Conference on Computer Vision and Pattern Recognition, 2005. CVPR 2005},
	doi = {10.1109/CVPR.2005.115},
	pages = {168-175 vol. 1},
	title = {Coupled PDEs for non-rigid registration and segmentation},
	volume = 1,
	year = 2005
}

@article{andersson_modeling_2001,
	author = {Andersson, Jesper L.R. and Hutton, Chloe and Ashburner, John and Turner, Robert and Friston, Karl},
	doi = {10.1006/nimg.2001.0746},
	issn = {1053-8119},
	journal = {NeuroImage},
	number = 5,
	pages = {903-919},
	title = {Modeling Geometric Deformations in EPI Time Series},
	url = {http://www.sciencedirect.com/science/article/pii/S1053811901907463},
	volume = 13,
	year = 2001
}

@article{basser_microstructural_1996,
	author = {Basser, P.J. and Pierpaoli, C. and others, },
	journal = {Journal of Magnetic Resonance-Series B},
	number = 3,
	pages = {209-219},
	title = {Microstructural and physiological features of tissues elucidated by quantitative-diffusion-tensor MRI},
	volume = 111,
	year = 1996
}

@article{tichonov_solution_1963,
	author = {Tichonov, A N},
	journal = {Soviet Mathematics},
	pages = {1035-1038},
	title = {Solution of incorrectly formulated problems and the regularization method},
	volume = 4,
	year = 1963
}

@article{ennis_orthogonal_2006,
	author = {Ennis, Daniel B. and Kindlmann, Gordon},
	journal = {Magnetic Resonance in Medicine},
	number = 1,
	pages = {136-146},
	title = {Orthogonal tensor invariants and the analysis of diffusion tensor magnetic resonance images},
	volume = 55,
	year = 2006
}

@article{zhukov_level_2003,
	author = {Zhukov, L. and Museth, K. and Breen, D. and Whitaker, R. and Barr, A.},
	journal = {Journal of Electronic Imaging},
	number = 1,
	pages = {125-133},
	title = {Level set modeling and segmentation of DT-MRI brain data},
	volume = 12,
	year = 2003
}

@article{fischl_freesurfer_2012,
	author = {Fischl, Bruce},
	doi = {10.1016/j.neuroimage.2012.01.021},
	issn = {1053-8119},
	journal = {NeuroImage},
	number = 2,
	pages = {774-781},
	title = {FreeSurfer},
	url = {http://www.sciencedirect.com/science/article/pii/S1053811912000389},
	volume = 62,
	year = 2012
}

@inproceedings{awate_multivariate_2008,
	address = {Paris, France},
	author = {Awate, S.P. and Zhang, Hui and Simon, T.J. and Gee, J.C.},
	booktitle = {IEEE International Symposium on Biomedical Imaging},
	doi = {10.1109/ISBI.2008.4540970},
	pages = {213-216},
	title = {Multivariate segmentation of brain tissues by fusion of MRI and DTI data},
	volume = 5,
	year = 2008
}

@article{suri_shape_2002,
	author = {Suri, J.S. and Liu, Kecheng and Singh, S. and Laxminarayan, S.N. and Zeng, Xiaolan and Reden, L.},
	doi = {10.1109/4233.992158},
	issn = {1089-7771},
	journal = {IEEE Transactions on Information Technology in Biomedicine},
	number = 1,
	pages = {8-28},
	shorttitle = {Shape recovery algorithms using level sets in 2-D/3-D medical imagery},
	title = {Shape recovery algorithms using level sets in 2-D/3-D medical imagery: a state-of-the-art review},
	volume = 6,
	year = 2002
}

@article{mumford_optimal_1989,
	author = {Mumford, David and Shah, Jayant},
	copyright = {Copyright © 1989 Wiley Periodicals, Inc., A Wiley Company},
	doi = {10.1002/cpa.3160420503},
	issn = {1097-0312},
	journal = {Communications on Pure and Applied Mathematics},
	language = {en},
	number = 5,
	pages = {577-685},
	title = {Optimal approximations by piecewise smooth functions and associated variational problems},
	url = {http://onlinelibrary.wiley.com/doi/10.1002/cpa.3160420503/abstract},
	volume = 42,
	year = 1989
}

@article{griffa_structural_2013,
	author = {Griffa, Alessandra and Baumann, Philipp S. and Thiran, Jean-Philippe and Hagmann, Patric},
	doi = {10.1016/j.neuroimage.2013.04.056},
	issn = {1053-8119},
	journal = {NeuroImage},
	pages = {515-526},
	title = {Structural connectomics in brain diseases},
	url = {http://www.sciencedirect.com/science/article/pii/S1053811913004035},
	volume = 80,
	year = 2013
}

@inproceedings{alexander_analysis_2001,
	address = {Glasgow, Scotland, UK},
	author = {Alexander, A L and Hasan, K M and Lazar, M and Tsuruda, J S and Parker, D L},
	booktitle = {Proc. Intl. Soc. Mag. Reson. Med.},
	language = {eng},
	pages = {770-780},
	series = 45,
	title = {Analysis of partial volume effects in diffusion-tensor MRI},
	volume = 9,
	year = 2001
}

@article{holland_efficient_2010,
	author = {Holland, Dominic and Kuperman, Joshua M. and Dale, Anders M.},
	doi = {10.1016/j.neuroimage.2009.11.044},
	issn = {1053-8119},
	journal = {NeuroImage},
	number = 1,
	pages = 175,
	shorttitle = {Efficient Correction of Inhomogeneous Static Magnetic Field-Induced Distortion in EPI},
	title = {Efficient Correction of Inhomogeneous Static Magnetic Field-Induced Distortion in Echo Planar Imaging},
	url = {http://www.ncbi.nlm.nih.gov/pmc/articles/PMC2819607/},
	volume = 50,
	year = 2010
}

@article{sporns_human_2005,
	author = {Sporns, Olaf and Tononi, Giulio and Kötter, Rolf},
	journal = {PLoS computational biology},
	number = 4,
	pages = {e42},
	title = {The human connectome: A structural description of the human brain},
	volume = 1,
	year = 2005
}

@article{li_accounting_2007,
	author = {Li, Yong and Xu, Ning and Fitzpatrick, J.M. and Morgan, V.L. and Pickens, D.R. and Dawant, B.M.},
	doi = {10.1109/TMI.2007.901987},
	issn = {0278-0062},
	journal = {IEEE Transactions on Medical Imaging},
	number = 12,
	pages = {1698-1707},
	title = {Accounting for Signal Loss Due to Dephasing in the Correction of Distortions in Gradient-Echo EPI Via Nonrigid Registration},
	volume = 26,
	year = 2007
}

@inproceedings{tao_variational_2009,
	address = {Williamsburg, VA, USA},
	author = {Tao, Ran and Fletcher, P. Thomas and Gerber, Samuel and Whitaker, Ross T.},
	booktitle = {Information Processing in Medical Imaging},
	copyright = {©2009 Springer Berlin Heidelberg},
	isbn = {978-3-642-02497-9, 978-3-642-02498-6},
	pages = {664-675},
	publisher = {Springer Berlin Heidelberg},
	series = {LNCS},
	title = {A Variational Image-Based Approach to the Correction of Susceptibility Artifacts in the Alignment of Diffusion Weighted and Structural MRI},
	url = {http://link.springer.com/chapter/10.1007/978-3-642-02498-6\_55},
	volume = 5636,
	year = 2009
}

@article{thirion_image_1998,
	author = {Thirion, J.-P.},
	journal = {Medical Image Analysis},
	number = 3,
	pages = {243-260},
	title = {Image matching as a diffusion process: an analogy with Maxwell's demons},
	volume = 2,
	year = 1998
}

@article{chan_active_2001,
	author = {Chan, T F and Vese, L A},
	journal = {IEEE Transactions on Image Processing},
	number = 2,
	pages = {266-277},
	title = {Active contours without edges},
	volume = 10,
	year = 2001
}

@article{herbulot_segmentation_2006,
	author = {Herbulot, Ariane and Jehan-Besson, Stéphanie and Duffner, Stefan and Barlaud, Michel and Aubert, Gilles},
	doi = {10.1007/s10851-006-6898-y},
	issn = {0924-9907},
	journal = {Journal of Mathematical Imaging and Vision},
	number = 3,
	pages = {365-386},
	title = {Segmentation of Vectorial Image Features Using Shape Gradients and Information Measures},
	url = {http://www.springerlink.com/content/581247x96784v173/ http://www.springerlink.com/index/10.1007/s10851-006-6898-y},
	volume = 25,
	year = 2006
}

@article{kumazawa_partial_2010,
	author = {Kumazawa, Seiji and Yoshiura, Takashi and Honda, Hiroshi and Toyofuku, Fukai and Higashida, Yoshiharu},
	issn = {0094-2405},
	journal = {Medical physics},
	language = {eng},
	number = 4,
	pages = {1482-1490},
	title = {Partial volume estimation and segmentation of brain tissue based on diffusion tensor MRI},
	volume = 37,
	year = 2010
}

@article{hagmann_mr_2012,
	author = {Hagmann, Patric and Grant, Patricia E. and Fair, Damien A.},
	doi = {10.3389/fnsys.2012.00043},
	issn = {1662-5137},
	journal = {Frontiers in Systems Neuroscience},
	pages = 43,
	shorttitle = {MR connectomics},
	title = {MR connectomics: a conceptual framework for studying the developing brain},
	url = {http://www.ncbi.nlm.nih.gov/pmc/articles/PMC3374479/},
	volume = 6,
	year = 2012
}

@article{kybic_unwarping_2000,
	author = {Kybic, J. and Thevenaz, P. and Nirkko, A. and Unser, M.},
	doi = {10.1109/42.836368},
	issn = {0278-0062},
	journal = {IEEE Transactions on Medical Imaging},
	number = 2,
	pages = {80-93},
	shorttitle = {Unwarping of unidirectionally distorted EPI images},
	title = {Unwarping of unidirectionally distorted EPI images},
	volume = 19,
	year = 2000
}

@article{jonasson_representing_2007,
	author = {Jonasson, L. and Bresson, X. and Thiran, J. and Wedeen, V.J. and Hagmann, P.},
	doi = {10.1109/TMI.2007.899168},
	issn = {0278-0062},
	journal = {IEEE Transactions on Medical Imaging},
	number = 11,
	pages = {1547-1554},
	title = {Representing Diffusion MRI in 5-D Simplifies Regularization and Segmentation of White Matter Tracts},
	volume = 26,
	year = 2007
}

@article{jones_white_2013,
	author = {Jones, Derek K. and Knösche, Thomas R. and Turner, Robert},
	doi = {10.1016/j.neuroimage.2012.06.081},
	issn = {1053-8119},
	journal = {NeuroImage},
	pages = {239-254},
	shorttitle = {White matter integrity, fiber count, and other fallacies},
	title = {White matter integrity, fiber count, and other fallacies: The do's and don'ts of diffusion MRI},
	url = {http://www.sciencedirect.com/science/article/pii/S1053811912007306},
	volume = 73,
	year = 2013
}

@inproceedings{rousson_level_2004,
	address = {Prague, Czech Republic},
	author = {Rousson, Mikaël and Lenglet, Christophe and Deriche, Rachid},
	booktitle = {Computer Vision and Mathematical Methods in Medical and Biomedical Image Analysis},
	copyright = {©2004 Springer-Verlag Berlin Heidelberg},
	pages = {123-134},
	publisher = {Springer Berlin Heidelberg},
	series = {Lecture Notes in Computer Science},
	title = {Level Set and Region Based Surface Propagation for Diffusion Tensor MRI Segmentation},
	url = {http://link.springer.com/chapter/10.1007/978-3-540-27816-0\_11},
	volume = 3117,
	year = 2004
}

@article{greve_accurate_2009,
	author = {Greve, Douglas N and Fischl, Bruce},
	journal = {NeuroImage},
	number = 1,
	pages = {63-72},
	title = {Accurate and robust brain image alignment using boundary-based registration},
	volume = 48,
	year = 2009
}

@article{liu_brain_2007,
	author = {Liu, Tianming and Li, Hai and Wong, Kelvin and Tarokh, Ashley and Guo, Lei and Wong, Stephen T.C.},
	doi = {10.1016/j.neuroimage.2007.07.002},
	issn = {1053-8119},
	journal = {NeuroImage},
	number = 1,
	pages = {114-123},
	title = {Brain tissue segmentation based on DTI data},
	url = {http://www.sciencedirect.com/science/article/pii/S1053811907005873},
	volume = 38,
	year = 2007
}

@article{sundgren_diffusion_2004,
	author = {Sundgren, PC and Dong, Q. and Gomez-Hassan, D. and Mukherji, SK and Maly, P. and Welsh, R.},
	journal = {Neuroradiology},
	number = 5,
	pages = {339-350},
	shorttitle = {Diffusion tensor imaging of the brain},
	title = {Diffusion tensor imaging of the brain: review of clinical applications},
	volume = 46,
	year = 2004
}

@article{morozov_linear_1975,
	author = {Morozov, VA A},
	doi = {10.1007/BF01083885},
	journal = {Journal of Soviet Mathematics},
	number = 6,
	pages = {706-736},
	title = {Linear and nonlinear ill-posed problems},
	volume = 4,
	year = 1975
}

@article{morgan_why_2013,
	author = {Morgan, Joshua L. and Lichtman, Jeff W.},
	copyright = {© 2013 Nature Publishing Group, a division of Macmillan Publishers Limited. All Rights Reserved.},
	doi = {10.1038/nmeth.2480},
	issn = {1548-7091},
	journal = {Nature Methods},
	language = {en},
	number = 6,
	pages = {494-500},
	title = {Why not connectomics?},
	url = {http://www.nature.com/nmeth/journal/v10/n6/full/nmeth.2480.html},
	volume = 10,
	year = 2013
}

@article{hadjiprocopis_unbiased_2005,
	author = {Hadjiprocopis, Andreas and Rashid, Waqar and Tofts, Paul S.},
	doi = {10.1016/j.mri.2005.07.010},
	issn = {0730-725X},
	journal = {Magnetic Resonance Imaging},
	number = 8,
	pages = {877-885},
	title = {Unbiased segmentation of diffusion-weighted magnetic resonance images of the brain using iterative clustering},
	url = {http://www.sciencedirect.com/science/article/pii/S0730725X05002304},
	volume = 23,
	year = 2005
}

@article{hadamard_sur_1902,
	author = {Hadamard, Jacques},
	journal = {Princeton University Bulletin},
	pages = {49-52},
	title = {Sur les problèmes aux dérivées partielles et leur signification physique},
	volume = 13,
	year = 1902
}

@article{kumazawa_improvement_2013,
	author = {Kumazawa, Seiji and Yoshiura, Takashi and Honda, Hiroshi and Toyofuku, Fukai},
	doi = {10.1007/s10278-013-9601-z},
	issn = {0897-1889, 1618-727X},
	journal = {Journal of Digital Imaging},
	language = {en},
	pages = {1-10},
	title = {Improvement of Partial Volume Segmentation for Brain Tissue on Diffusion Tensor Images Using Multiple-Tensor Estimation},
	url = {http://link.springer.com/article/10.1007/s10278-013-9601-z},
	year = 2013
}

@inproceedings{lu_segmentation_2008,
	address = {Vancouver, Canada},
	author = {Lu, Chia-Feng and Wang, Po-Shan and Chou, Yen-Chun and Li, Hsiao-Chien and Soong, Bing-Wen and Wu, Yu-Te},
	booktitle = {IEEE Engineering in Medicine and Biology Conference},
	doi = {10.1109/IEMBS.2008.4650460},
	pages = {5502-5505},
	title = {Segmentation of diffusion-weighted brain images using expectation maximization algorithm initialized by hierarchical clustering},
	volume = 30,
	year = 2008
}

@article{droske_mumfordshah_2009,
	author = {Droske, Marc and Ring, Wolfgang and Rumpf, Martin},
	doi = {10.1007/s00791-008-0084-2},
	issn = {1432-9360, 1433-0369},
	journal = {Computing and Visualization in Science},
	language = {en},
	number = 3,
	pages = {101-114},
	shorttitle = {Mumford-Shah based registration},
	title = {Mumford-Shah based registration: a comparison of a level set and a phase field approach},
	url = {http://link.springer.com/article/10.1007/s00791-008-0084-2},
	volume = 12,
	year = 2009
}

@inproceedings{wu_comparison_2008,
	address = {New York, NY, USA},
	author = {Wu, Minjie and Chang, Lin-Ching and Walker, Lindsay and Lemaitre, Herve and Barnett, Alan S. and Marenco, Stefano and Pierpaoli, Carlo},
	booktitle = {Medical Image Computing and Computer-Assisted Intervention},
	copyright = {©2008 Springer Berlin Heidelberg},
	pages = {321-329},
	publisher = {Springer Berlin Heidelberg},
	series = {LNCS 5242},
	shorttitle = {Comparison of EPI Distortion Correction Methods in DTI},
	title = {Comparison of EPI Distortion Correction Methods in Diffusion Tensor MRI Using a Novel Framework},
	url = {http://link.springer.com/chapter/10.1007/978-3-540-85990-1\_39},
	volume = 11,
	year = 2008
}

@inproceedings{han_experimental_2009,
	address = {Minneapolis, Minnesota, USA},
	author = {Han, D. and Singh, V. and Lee, J.E. and Zakszewski, E. and Adluru, N. and Oakes, T.R. and Alexander, A.},
	booktitle = {IEEE Engineering in Medicine and Biology Conference},
	pages = {5653-5656},
	title = {An experimental evaluation of diffusion tensor image segmentation using graph-cuts},
	volume = 31,
	year = 2009
}

@article{bertalmio_morphing_2000,
	author = {Bertalmio, M. and Sapiro, G. and Randall, G.},
	doi = {10.1109/34.865191},
	issn = {0162-8828},
	journal = {IEEE Transactions on Pattern Analysis and Machine Intelligence},
	number = 7,
	pages = {733-737},
	title = {Morphing active contours},
	volume = 22,
	year = 2000
}

@inproceedings{vemuri_joint_2003,
	address = {New York},
	author = {Vemuri, Baba and Chen, Yunmei},
	booktitle = {Geometric Level Set Methods in Imaging, Vision, and Graphics},
	pages = {251-269},
	publisher = {Springer-Verlag},
	title = {Joint Image Registration and Segmentation},
	year = 2003
}

@article{jezzard_correction_1995,
	author = {Jezzard, P and Balaban, R S},
	issn = {0740-3194},
	journal = {Magnetic Resonance in Medicine},
	language = {eng},
	number = 1,
	pages = {65-73},
	shorttitle = {Correction for geometric distortion in EPI},
	title = {Correction for geometric distortion in echo planar images from B0 field variations},
	volume = 34,
	year = 1995
}

@inproceedings{yezzi_variational_2001,
	address = {Kauai, Hawaii, USA},
	author = {Yezzi, A. and Zollei, L. and Kapur, T.},
	booktitle = {IEEE Workshop on Mathematical Methods in Biomedical Image Analysis (MMBIA), Proceedings},
	pages = {44-51},
	publisher = {IEEE Comput. Soc},
	title = {A variational framework for joint segmentation and registration},
	year = 2001
}

@article{nagel_investigation_1986,
	author = {Nagel, Hans-Hellmut and Enkelmann, Wilfried},
	journal = {IEEE Transactions on Pattern Analysis and Machine Intelligence},
	number = 5,
	pages = {565-593},
	title = {An Investigation of Smoothness Constraints for the Estimation of Displacement Vector Fields from Image Sequences},
	volume = 8,
	year = 1986
}

@article{andersson_how_2003,
	author = {Andersson, Jesper L.R. and Skare, Stefan and Ashburner, John},
	doi = {10.1016/S1053-8119(03)00336-7},
	issn = {1053-8119},
	journal = {NeuroImage},
	number = 2,
	pages = {870-888},
	shorttitle = {How to correct susceptibility distortions in SE EPIs},
	title = {How to correct susceptibility distortions in spin-echo echo-planar images: application to diffusion tensor imaging},
	url = {http://www.sciencedirect.com/science/article/pii/S1053811903003367},
	volume = 20,
	year = 2003
}

@article{studholme_accurate_2000,
	author = {Studholme, C. and Constable, R.T. and Duncan, J.S.},
	doi = {10.1109/42.896788},
	issn = {0278-0062},
	journal = {IEEE Transactions on Medical Imaging},
	number = 11,
	pages = {1115-1127},
	shorttitle = {Accurate alignment of fMRI-EPI to anatomical MRI},
	title = {Accurate alignment of functional EPI data to anatomical MRI using a physics-based distortion model},
	volume = 19,
	year = 2000
}

@inproceedings{estellers_efficient_2011,
	author = {Estellers, Virginia and Zosso, Dominique and Lai, Rongjie and Thiran, Jean-Philippe and Osher, Stanley and Bresson, Xavier},
	booktitle = {IEEE Transactions on Image Processing},
	title = {An Efficient Algorithm for Level Set Method Preserving Distance Function},
	year = 2011
}

@article{craddock_imaging_2013,
	author = {Craddock, R. Cameron and Jbabdi, Saad and Yan, Chao-Gan and Vogelstein, Joshua T. and Castellanos, F. Xavier and Di Martino, Adriana and Kelly, Clare and Heberlein, Keith and Colcombe, Stan and Milham, Michael P.},
	copyright = {© 2013 Nature Publishing Group, a division of Macmillan Publishers Limited. All Rights Reserved.},
	doi = {10.1038/nmeth.2482},
	issn = {1548-7091},
	journal = {Nature Methods},
	language = {en},
	number = 6,
	pages = {524-539},
	title = {Imaging human connectomes at the macroscale},
	url = {http://www.nature.com/nmeth/journal/v10/n6/abs/nmeth.2482.html},
	volume = 10,
	year = 2013
}

@article{close_software_2009,
	author = {Close, Thomas G and Tournier, Jacques-Donald and Calamante, Fernando and Johnston, Leigh A and Mareels, Iven and Connelly, Alan},
	doi = {10.1016/j.neuroimage.2009.03.077},
	issn = {1095-9572},
	journal = {NeuroImage},
	language = {eng},
	number = 4,
	pages = {1288-1300},
	title = {A software tool to generate simulated white matter structures for the assessment of fibre-tracking algorithms},
	volume = 47,
	year = 2009
}

@article{gorthi_active_2011,
	author = {Gorthi, Subrahmanyam and Duay, Valérie and Bresson, Xavier and Bach Cuadra, Meritxell and Sánchez Castro, F Javier and Pollo, Claudio and Allal, Abdelkarim S and Thiran, Jean-Philippe},
	doi = {10.1016/j.media.2011.05.008},
	journal = {Medical Image Analysis},
	number = 6,
	pages = {787-800},
	title = {Active deformation fields: dense deformation field estimation for atlas-based segmentation using the active contour framework},
	volume = 15,
	year = 2011
}

@article{hagmann_mr_2010,
	author = {Hagmann, P. and Cammoun, L. and Gigandet, X. and Gerhard, S. and Ellen Grant, P. and Wedeen, V. and Meuli, R. and Thiran, J. P. and Honey, C. J. and Sporns, O.},
	journal = {Journal of Neuroscience Methods},
	number = 1,
	pages = {34-45},
	title = {MR connectomics: principles and challenges},
	volume = 194,
	year = 2010
}

@article{berg_using_2009,
	author = {Johansen-Berg, Heidi and Rushworth, Matthew F.S.},
	doi = {10.1146/annurev.neuro.051508.135735},
	journal = {Annual Review of Neuroscience},
	number = 1,
	pages = {75-94},
	title = {Using Diffusion Imaging to Study Human Connectional Anatomy},
	url = {http://www.annualreviews.org/doi/abs/10.1146/annurev.neuro.051508.135735},
	volume = 32,
	year = 2009
}

@phdthesis{hagmann_from_2005,
	author = {Hagmann, P.},
	school = {EPFL},
	title = {From diffusion MRI to brain connectomics},
	year = 2005
}

@article{mukherjee_diffusion_2008,
	author = {Mukherjee, P. and Chung, S. W. and Berman, J. I. and Hess, C. P. and Henry, R. G.},
	doi = {10.3174/ajnr.A1052},
	issn = {0195-6108, 1936-959X},
	journal = {American Journal of Neuroradiology},
	language = {en},
	number = 5,
	pages = {843-852},
	shorttitle = {Diffusion Tensor MR Imaging and Fiber Tractography},
	title = {Diffusion Tensor MR Imaging and Fiber Tractography: Technical Considerations},
	url = {http://www.ajnr.org/content/29/5/843},
	volume = 29,
	year = 2008
}

@article{soares_hitchhikers_2013,
	author = {Soares, José M. and Marques, Paulo and Alves, Victor and Sousa, Nuno},
	doi = {10.3389/fnins.2013.00031},
	journal = {Frontiers in Brain Imaging Methods},
	pages = 31,
	title = {A hitchhiker's guide to diffusion tensor imaging},
	url = {http://www.frontiersin.org/Brain\_Imaging\_Methods/10.3389/fnins.2013.00031/abstract},
	volume = 7,
	year = 2013
}

@article{brien_3d_2013,
	author = {O'Brien, K. and Daducci, A. and Kickler, N. and Lazeyras, F. and Gruetter, R. and Feiweier, T. and Krueger, G.},
	doi = {10.1109/TMI.2013.2259249},
	issn = {0278-0062},
	journal = {IEEE Transactions on Medical Imaging},
	number = 8,
	pages = {1515-1525},
	shorttitle = {3D Residual Eddy Current Field Characterisation},
	title = {3D Residual Eddy Current Field Characterisation: applied to Diffusion Weighted Magnetic Resonance Imaging},
	volume = 32,
	year = 2013
}

@article{daducci_quantitative_2014,
	author = {Daducci, A. and Canales-Rodriguez, E. and Descoteaux, M. and Gur, Y. and Mani, M. and Merlet, S. and Ramirez-Manzanares, A. and Rodrigues, P.R. and Reisert, M. and Sepehrband, F. and Paquette, M. and Garyfallidis, E. and Ying-Chia, Y.C. and Menegaz, G. and Jacob, M. and Caruyer, E. and Deriche, R. and Choupan, J. and Prckovska, V. and Rivera, M. and Wiaux, Y. and Thiran, J.P.},
	doi = {10.1109/TMI.2013.2285500},
	issn = {0278-0062},
	journal = {IEEE Transactions on Medical Imaging},
	number = 2,
	pages = {384-399},
	title = {Quantitative comparison of reconstruction methods for intra-voxel fiber recovery from diffusion MRI},
	volume = 33,
	year = 2014
}

@article{hsu_correction_2009,
	author = {Hsu, Yung-Chin and Hsu, Ching-Han and Tseng, W.-Y.I.},
	doi = {10.1109/TMI.2009.2026474},
	issn = {0278-0062},
	journal = {IEEE Transactions on Medical Imaging},
	number = 11,
	pages = {1850-1857},
	title = {Correction for Susceptibility-Induced Distortion in Echo-Planar Imaging Using Field Maps and Model-Based Point Spread Function},
	volume = 28,
	year = 2009
}

@article{reber_correction_1998,
	author = {Reber, P. J. and Wong, E. C. and Buxton, R. B. and Frank, L. R.},
	journal = {Magnetic Resonance in Medicine},
	number = 2,
	pages = {328-330},
	title = {Correction of off resonance-related distortion in echo-planar imaging using EPI-based field maps},
	url = {http://onlinelibrary.wiley.com/doi/10.1002/mrm.1910390223/abstract},
	volume = 39,
	year = 1998
}

@article{jbabdi_tractography_2011,
	author = {Jbabdi, Saad and Johansen-Berg, Heidi},
	doi = {10.1089/brain.2011.0033},
	issn = {2158-0014, 2158-0022},
	journal = {Brain Connectivity},
	number = 3,
	pages = {169-183},
	shorttitle = {Tractography},
	title = {Tractography: Where Do We Go from Here?},
	url = {http://online.liebertpub.com/doi/abs/10.1089/brain.2011.0033},
	volume = 1,
	year = 2011
}

@article{jha_taskbased_2012,
	author = {Jha, Abhinav K. and Kupinski, Matthew A. and Rodríguez, Jeffrey J. and Stephen, Renu M. and Stopeck, Alison T.},
	doi = {10.1088/0031-9155/57/13/4425},
	issn = {0031-9155},
	journal = {Physics in Medicine and Biology},
	language = {en},
	number = 13,
	pages = 4425,
	title = {Task-based evaluation of segmentation algorithms for diffusion-weighted MRI without using a gold standard},
	url = {http://iopscience.iop.org/0031-9155/57/13/4425},
	volume = 57,
	year = 2012
}

@article{zoellei_improved_2010,
	author = {Zöllei, Lilla and Stevens, Allison and Huber, Kristen and Kakunoori, Sita and Fischl, Bruce},
	doi = {10.1016/j.neuroimage.2010.01.101},
	issn = {1053-8119},
	journal = {NeuroImage},
	number = 1,
	pages = {206-213},
	title = {Improved tractography alignment using combined volumetric and surface registration},
	url = {http://www.sciencedirect.com/science/article/pii/S1053811910001400},
	volume = 51,
	year = 2010
}

@article{bresson_variational_2006,
	author = {Bresson, X. and Vandergheynst, P. and Thiran, J. P.},
	journal = {International Journal of Computer Vision},
	number = 2,
	pages = {145-162},
	title = {A variational model for object segmentation using boundary information and shape prior driven by the Mumford-Shah functional},
	volume = 68,
	year = 2006
}

@inproceedings{chan_level_2005,
	address = {San Diego, CA, USA},
	author = {Chan, T. and Zhu, W.},
	booktitle = {IEEE Computer Society Conference on Computer Vision and Pattern Recognition},
	pages = {1164-1170},
	title = {Level set based shape prior segmentation},
	url = {http://ieeexplore.ieee.org/xpls/abs\_all.jsp?arnumber=1467575},
	volume = 2,
	year = 2005
}

@article{chen_using_2002,
	author = {Chen, Yunmei and Tagare, Hemant D. and Thiruvenkadam, Sheshadri and Huang, Feng and Wilson, David and Gopinath, Kaundinya S. and Briggs, Richard W. and Geiser, Edward A.},
	journal = {International Journal of Computer Vision},
	number = 3,
	pages = {315-328},
	title = {Using Prior Shapes in Geometric Active Contours in a Variational Framework},
	volume = 50,
	year = 2002
}

@article{cremers_kernel_2006,
	author = {Cremers, Daniel and Osher, Stanley J. and Soatto, Stefano},
	journal = {International Journal of Computer Vision},
	number = 3,
	pages = {335-351},
	title = {Kernel Density Estimation and Intrinsic Alignment for Shape Priors in Level Set Segmentation},
	volume = 69,
	year = 2006
}

@article{gastaud_combining_2004,
	author = {Gastaud, Muriel and Barlaud, Michel and Aubert, Gilles},
	journal = {IEEE Transactions on Circuits and Systems for Video Technology},
	number = 5,
	pages = {726-734},
	title = {Combining Shape Prior and Statistical Features for Active Contour Segmentation},
	volume = 14,
	year = 2004
}

@article{wyatt_map_2003,
	author = {Wyatt, Paul P. and Noble, J.Alison},
	journal = {Medical Image Analysis},
	number = 4,
	pages = {539-552},
	title = {MAP MRF joint segmentation and registration of medical images},
	volume = 7,
	year = 2003
}

@article{paragios_level_2003,
	author = {Paragios, Nikos},
	journal = {IEEE Transactions on Medical Imaging},
	number = 6,
	pages = {773-776},
	title = {A level set approach for shape-driven segmentation and tracking of the left ventricle},
	volume = 22,
	year = 2003
}

@article{yezzi_variational_2003,
	author = {Yezzi, A. and Zöllei, L. and Kapur, T.},
	journal = {Medical Image Analysis},
	number = 2,
	pages = {171-185},
	title = {A variational framework for integrating segmentation and registration through active contours},
	volume = 7,
	year = 2003
}

@article{gorthi_segmentation_2009,
	author = {Gorthi, Subrahmanyam and Duay, Valérie and Houhou, Nawal and Bach Cuadra, Meritxell and Schick, Ulrike and Becker, Minerva and Allal, Abdelkarim S and Thiran, Jean-Philippe},
	journal = {IEEE Journal of Selected Topics in Signal Processing},
	number = 1,
	pages = {135-147},
	title = {Segmentation of Head and Neck Lymph Node Regions for Radiotherapy Planning Using Active Contour-Based Atlas Registration},
	volume = 3,
	year = 2009
}

@inproceedings{pohl_unifying_2005,
	address = {Palm Springs, CA, USA},
	author = {Pohl, Kilian M. and Fisher, John and Levitt, James J. and Shenton, Martha E. and Kikinis, Ron and Grimson, W. Eric L. and Wells, William M.},
	booktitle = {Medical Image Computing and Computer-Assisted Intervention},
	pages = {310-318},
	publisher = {Springer Berlin Heidelberg},
	series = {LNCS 3749},
	title = {A Unifying Approach to Registration, Segmentation, and Intensity Correction},
	volume = 8,
	year = 2005
}

@article{pohl_bayesian_2006,
	author = {Pohl, Kilian M and Fisher, John and Grimson, W Eric L and Kikinis, Ron and Wells, William M},
	journal = {NeuroImage},
	number = 1,
	pages = {228-39},
	title = {A Bayesian model for joint segmentation and registration.},
	volume = 31,
	year = 2006
}

@article{wang_joint_2006,
	author = {Wang, Fei and Vemuri, Baba C and Eisenschenk, Stephan J},
	journal = {Academic Radiology},
	number = 9,
	pages = {1104-11},
	title = {Joint registration and segmentation of neuroanatomic structures from brain MRI.},
	volume = 13,
	year = 2006
}

@article{guyader_combined_2011,
	author = {Le Guyader, Carole and Vese, Luminita A.},
	doi = {10.1016/j.cviu.2011.05.009},
	issn = {1077-3142},
	journal = {Computer Vision and Image Understanding},
	number = 12,
	pages = {1689-1709},
	shorttitle = {Special issue on Optimization for Vision, Graphics and Medical Imaging: Theory and Applications},
	title = {A combined segmentation and registration framework with a nonlinear elasticity smoother},
	url = {http://www.sciencedirect.com/science/article/pii/S1077314211001573},
	volume = 115,
	year = 2011
}

@article{besson_dream2s_2003,
	author = {Jehan-Besson, Stéphanie and Barlaud, Michel and Aubert, Gilles},
	doi = {10.1023/A:1023031708305},
	issn = {0920-5691},
	journal = {International Journal of Computer Vision},
	number = 1,
	pages = {45-70},
	title = {DREAM2S: Deformable Regions Driven by an Eulerian Accurate Minimization Method for Image and Video Segmentation},
	url = {http://www.springerlink.com/content/k02g18w07187x344/},
	volume = 53,
	year = 2003
}

@article{bertero_illposed_1988,
	author = {Bertero, M. and Poggio, T. A. and Torre, V.},
	journal = {Proceedings of the IEEE},
	number = 8,
	pages = {869-889},
	title = {Ill-posed problems in early vision},
	url = {http://ieeexplore.ieee.org/xpls/abs\_all.jsp?arnumber=5962},
	volume = 76,
	year = 1988
}

@article{cote_tractometer_2013,
	author = {Côté, Marc-Alexandre and Girard, Gabriel and Boré, Arnaud and Garyfallidis, Eleftherios and Houde, Jean-Christophe and Descoteaux, Maxime},
	doi = {10.1016/j.media.2013.03.009},
	issn = {1361-8415},
	journal = {Medical Image Analysis},
	number = 7,
	pages = {844-857},
	shorttitle = {Tractometer},
	title = {Tractometer: Towards Validation of Tractography Pipelines},
	url = {http://www.sciencedirect.com/science/article/pii/S1361841513000479},
	volume = 17,
	year = 2013
}

@article{fischl_measuring_2000,
	author = {Fischl, Bruce and Dale, Anders M.},
	doi = {10.1073/pnas.200033797},
	issn = {0027-8424, 1091-6490},
	journal = {Proceedings of the National Academy of Sciences},
	language = {en},
	number = 20,
	pages = {11050-11055},
	title = {Measuring the thickness of the human cerebral cortex from magnetic resonance images},
	url = {http://www.pnas.org/content/97/20/11050},
	volume = 97,
	year = 2000
}

@article{sotiras_deformable_2013,
	author = {Sotiras, A. and Davatzikos, C. and Paragios, N.},
	doi = {10.1109/TMI.2013.2265603},
	issn = {0278-0062},
	journal = {IEEE Transactions on Medical Imaging},
	number = 7,
	pages = {1153-1190},
	shorttitle = {Deformable Medical Image Registration},
	title = {Deformable Medical Image Registration: A Survey},
	volume = 32,
	year = 2013
}

@article{cuadra_comparison_2005,
	author = {Cuadra, M.B. and Cammoun, L. and Butz, T. and Cuisenaire, O. and Thiran, J.P.},
	journal = {Medical Imaging, IEEE Transactions on},
	number = 12,
	pages = {1548-1565},
	title = {Comparison and validation of tissue modelization and statistical classification methods in T1-weighted MR brain images},
	volume = 24,
	year = 2005
}

@article{leemput_automated_1999,
	author = {Van Leemput, K. and Maes, F. and Vandermeulen, D. and Suetens, P.},
	doi = {10.1109/42.811268},
	journal = {IEEE Transactions on Medical Imaging},
	number = 10,
	pages = {885-896},
	title = {Automated model-based bias field correction of MR images of the brain},
	volume = 18,
	year = 1999
}

@article{glasser_minimal_2013,
	author = {Glasser, Matthew F. and Sotiropoulos, Stamatios N. and Wilson, J. Anthony and Coalson, Timothy S. and Fischl, Bruce and Andersson, Jesper L. and Xu, Junqian and Jbabdi, Saad and Webster, Matthew and Polimeni, Jonathan R. and Van Essen, David C. and Jenkinson, Mark},
	doi = {10.1016/j.neuroimage.2013.04.127},
	issn = {1053-8119},
	journal = {NeuroImage},
	pages = {105-124},
	series = {Mapping the Connectome},
	title = {The minimal preprocessing pipelines for the Human Connectome Project},
	url = {http://www.sciencedirect.com/science/article/pii/S1053811913005053},
	volume = 80,
	year = 2013
}

@article{essen_human_2012,
	author = {Van Essen, D.C. and Ugurbil, K. and Auerbach, E. and Barch, D. and Behrens, T.E.J. and Bucholz, R. and Chang, A. and Chen, L. and Corbetta, M. and Curtiss, S.W. and Della Penna, S. and Feinberg, D. and Glasser, M.F. and Harel, N. and Heath, A.C. and Larson-Prior, L. and Marcus, D. and Michalareas, G. and Moeller, S. and Oostenveld, R. and Petersen, S.E. and Prior, F. and Schlaggar, B.L. and Smith, S.M. and Snyder, A.Z. and Xu, J. and Yacoub, E.},
	doi = {10.1016/j.neuroimage.2012.02.018},
	issn = {1053-8119},
	journal = {NeuroImage},
	number = 4,
	pages = {2222-2231},
	shorttitle = {Connectivity Connectivity},
	title = {The Human Connectome Project: A data acquisition perspective},
	url = {http://www.sciencedirect.com/science/article/pii/S1053811912001954},
	volume = 62,
	year = 2012
}

@inproceedings{caruyer_phantomas_2014,
	address = {Milano, Italy},
	author = {Caruyer, Emmanuel and Daducci, Alessandro and Descoteaux, Maxime and Houde, Jean-Christophe and Thiran, Jean-Philippe and Verma, Ragini},
	booktitle = {Proc. Intl. Soc. Mag. Reson. Med.},
	title = {Phantomas: a flexible software library to simulate diffusion MR phantoms},
	volume = 23,
	year = 2014
}

@article{tournier_mrtrix_2012,
	author = {Tournier, J-Donald and Calamante, Fernando and Connelly, Alan},
	copyright = {Copyright © 2011 Wiley Periodicals, Inc.},
	doi = {10.1002/ima.22005},
	issn = {1098-1098},
	journal = {International Journal of Imaging Systems and Technology},
	language = {en},
	number = 1,
	pages = {53-66},
	shorttitle = {MRtrix},
	title = {MRtrix: Diffusion tractography in crossing fiber regions},
	url = {http://onlinelibrary.wiley.com/doi/10.1002/ima.22005/abstract},
	volume = 22,
	year = 2012
}

@article{gorgolewski_nipype_2011,
	author = {Gorgolewski, K. and Burns, C. D. and Madison, C. and Clark, D. and Halchenko, Y. O. and Waskom, M. L. and Ghosh, S. S.},
	journal = {Frontiers in Neuroinformatics},
	shorttitle = {Nipype},
	title = {Nipype: a flexible, lightweight and extensible neuroimaging data processing framework in python},
	url = {http://www.ncbi.nlm.nih.gov/pmc/articles/pmc3159964/},
	volume = 5,
	year = 2011
}

@inproceedings{rueckert_diffeomorphic_2006,
	address = {Berlin, Heidelberg},
	author = {Rueckert, Daniel and Aljabar, Paul and Heckemann, Rolf A and Hajnal, Joseph V and Hammers, Alexander},
	booktitle = {MICCAI},
	pages = {702-709},
	publisher = {Springer},
	series = {Lecture Notes in Computer Science},
	title = {Diffeomorphic Registration Using B-Splines},
	volume = 4191,
	year = 2006
}
